@STRING{aamath = "Acta\ Appl.\ Math." }
@STRING{aphpol = "Acta\ Phys.\ Pol." }
@STRING{aphpolb = "Acta\ Phys.\ Pol.\ B" }
@STRING{intjtheorphys="Int.\ J.\ Theor.\ Phys" }
@STRING{jmanapp = "J.\ Math.\ Anal.\ Appl." }
@STRING{jphysamathgen="J.\ Phys.\ A: Math. Gen." }
@STRING{livrevrel="Living Rev. Relativity" }
@STRING{mnras = "Mon.\ Not.\ Roy.\ Astro.\ Soc." }
@STRING{procrsa = "Proc.\ Roy.\ Soc.\ A" }

@Article{alvi:2001,
  title =        {Energy and angular momentum flow into a black hole
                  in a binary},
  author =       {Kashif Alvi},
  journal =      prd,
  volume =       64,
  number =       10,
  pages =        104020,
  numpages =     9,
  year =         2001,
  month =        {Oct},
  url =          {http://link.aps.org/doi/10.1103/PhysRevD.64.104020},
  category =     pn
}

@Article{apostolatos:1996,
  title =        {Influence of spin-spin coupling on inspiraling
                  compact binaries with $M_1=M_2$ and $S_1=S_2$},
  volume =       54,
  url =          {http://link.aps.org/doi/10.1103/PhysRevD.54.2438},
  doi =          {10.1103/PhysRevD.54.2438},
  number =       4,
  journal =      prd,
  author =       {Apostolatos, Theocharis A.},
  year =         1996,
  pages =        2438,
  category =     pn
}

@Article{apostolatosetal:1994,
  title =        {Spin-induced orbital precession and its modulation
                  of the gravitational waveforms from merging
                  binaries},
  volume =       49,
  url =          {http://link.aps.org/doi/10.1103/PhysRevD.49.6274},
  doi =          {10.1103/PhysRevD.49.6274},
  number =       12,
  journal =      prd,
  author =       {Apostolatos, Theocharis A. and Cutler, Curt and
                  Sussman, Gerald J. and Thorne, Kip S.},
  month =        jun,
  year =         1994,
  pages =        6274,
  category =     pn
}

@Article{arunetal:2009,
  title =        {Higher-order spin effects in the amplitude and phase
                  of gravitational waveforms emitted by inspiraling
                  compact binaries: {R}eady-to-use gravitational
                  waveforms},
  volume =       79,
  url =          {http://link.aps.org/doi/10.1103/PhysRevD.79.104023},
  doi =          {10.1103/PhysRevD.79.104023},
  number =       10,
  journal =      prd,
  author =       {K. G. Arun and Alessandra Buonanno and Guillaume
                  Faye and Evan Ochsner},
  month =        may,
  year =         2009,
  pages =        104023,
  note =         {Note that the 1.5 and 2.5pN spin terms in the flux
                  and energy expressions do not account for an erratum
                  from 2010},
  category =     pn
}

@Article{blanchet:2002,
  title =        {Gravitational-wave inspiral of compact binary
                  systems to $7/2$ post-{N}ewtonian order},
  author =       {Blanchet, Luc and Faye, Guillaume and Iyer, Bala
                  R. and Joguet, Benoit},
  journal =      prd,
  volume =       65,
  number =       6,
  pages =        061501,
  numpages =     5,
  year =         2002,
  month =        {Feb},
  url =          {http://link.aps.org/doi/10.1103/PhysRevD.65.061501},
  doi =          {10.1103/PhysRevD.65.061501},
  category =     pn
}

@Article{blanchet:2005a,
  title =        {Erratum: {Gravitational}-wave inspiral of compact
                  binary systems to $7/2$ post-{N}ewtonian order
                  [{Phys. Rev. D 65, 061501(R) (2002)}]},
  author =       {Blanchet, Luc and Faye, Guillaume and Iyer, Bala
                  R. and Joguet, Benoit },
  journal =      prd,
  volume =       71,
  number =       12,
  pages =        129902,
  numpages =     2,
  year =         2005,
  month =        {Jun},
  doi =          {10.1103/PhysRevD.71.129902},
  url =          {http://link.aps.org/doi/10.1103/PhysRevD.71.129902},
  category =     pn
}

@Article{blanchet:2005b,
  title =        {Erratum: {G}ravitational waves from inspiraling
                  compact binaries: {E}nergy flux to third
                  post-{N}ewtonian order [{Phys. Rev. D 65, 064005
                  (2002)}]},
  author =       {Blanchet, Luc and Iyer, Bala R. and Joguet, Benoit },
  journal =      prd,
  volume =       71,
  number =       12,
  pages =        129903,
  numpages =     1,
  year =         2005,
  month =        {Jun},
  url =          {http://link.aps.org/doi/10.1103/PhysRevD.71.129903},
  doi =          {10.1103/PhysRevD.71.129903},
  category =     pn
}

@Article{blanchet:2006b,
  title =        {Higher-order spin effects in the dynamics of compact
                  binaries. {II.} {R}adiation field},
  volume =       74,
  url =          {http://link.aps.org/doi/10.1103/PhysRevD.74.104034},
  doi =          {10.1103/PhysRevD.74.104034},
  number =       10,
  journal =      prd,
  author =       {Luc Blanchet and Alessandra Buonanno and Guillaume
                  Faye},
  month =        nov,
  year =         2006,
  note =         {Note the two associated errata; the {arXiv} version
                  is fully up to date},
  eprint =       "gr-qc/0605140v4",
  archiveprefix ="arXiv",
  pages =        104034,
  category =     pn
}

@Article{blanchet:2007,
  title =        {Erratum: {H}igher-order spin effects in the dynamics
                  of compact binaries. {II.} {R}adiation field
                  [{Phys. Rev. D 74, 104034 (2006)}]},
  volume =       75,
  shorttitle =   {Erratum},
  url =          {http://link.aps.org/doi/10.1103/PhysRevD.75.049903},
  doi =          {10.1103/PhysRevD.75.049903},
  number =       4,
  journal =      prd,
  author =       {Luc Blanchet and Alessandra Buonanno and Guillaume
                  Faye},
  month =        feb,
  year =         2007,
  pages =        {049903(E)},
  category =     pn
}

@Article{blanchet:2010,
  title =        {Erratum: {H}igher-order spin effects in the dynamics
                  of compact binaries. {II.} {R}adiation field
                  [{Phys. Rev. D 74, 104034 (2006)}]},
  volume =       81,
  shorttitle =   {Erratum},
  url =          {http://link.aps.org/doi/10.1103/PhysRevD.81.089901},
  doi =          {10.1103/PhysRevD.81.089901},
  number =       8,
  journal =      prd,
  author =       {Luc Blanchet and Alessandra Buonanno and Guillaume
                  Faye},
  month =        apr,
  year =         2010,
  pages =        {089901(E)},
  category =     pn
}

@Article{blanchet:2014,
  title =        {Gravitational Radiation from Post-{N}ewtonian
                  Sources and Inspiralling Compact Binaries},
  author =       {Luc Blanchet},
  journal =      livrevrel,
  year =         2014,
  number =       2,
  volume =       17,
  doi =          {10.12942/lrr-2014-2},
  url =          {http://www.livingreviews.org/lrr-2014-2},
  category =     pn
}

@Article{blanchetdamour:1986,
  jstor_articletype ={primary_article},
  title =        {Radiative Gravitational Fields in General Relativity
                  {I}.  {G}eneral Structure of the Field outside the
                  Source},
  author =       {Luc Blanchet and Thibault Damour},
  journal =      procrsa,
  volume =       320,
  number =       1555,
  jstor_formatteddate ={Dec. 3, 1986},
  pages =        {379--430},
  url =          {http://www.jstor.org/stable/37878},
  doi =          {10.1098/rsta.1986.0125},
  issn =         00804614,
  publisher =    {The Royal Society},
  year =         1986,
  category =     pn
}

@Article{blanchetetal:2005,
  title =        {Gravitational Recoil of Inspiraling Black Hole
                  Binaries to Second Post-{Newtonian} Order},
  volume =       635,
  issn =         {0004-{637X}},
  url =          {http://iopscience.iop.org/0004-637X/635/1/508},
  doi =          {10.1086/497332},
  language =     {en},
  number =       1,
  urldate =      {2013-04-23},
  journal =      apj,
  author =       {Blanchet, Luc and Qusailah, Moh'd S. S. and Will,
                  Clifford M.},
  month =        dec,
  year =         2005,
  pages =        508,
}

@Article{blanchetetal:2008,
  title =        {The third post-{N}ewtonian gravitational wave
                  polarizations and associated spherical harmonic
                  modes for inspiralling compact binaries in
                  quasi-circular orbits},
  volume =       25,
  issn =         {0264-9381},
  url =          {http://stacks.iop.org/0264-9381/25/i=16/a=165003},
  number =       16,
  urldate =      {2009-07-31},
  journal =      cqg,
  author =       {Blanchet, Luc and Faye, Guillaume and Iyer, Bala
                  R. and Sinha, Siddhartha},
  year =         2008,
  note =         {Note erratum},
  pages =        165003,
  category =     pn
}

@Article{blanchetfaye:2001,
  title =        {General relativistic dynamics of compact binaries at
                  the third post-{N}ewtonian order},
  author =       {Luc Blanchet and Guillaume Faye},
  journal =      prd,
  volume =       63,
  number =       6,
  pages =        062005,
  numpages =     43,
  year =         2001,
  month =        {Feb},
  doi =          {10.1103/PhysRevD.63.062005},
  url =          {http://link.aps.org/doi/10.1103/PhysRevD.63.062005},
  category =     pn
}

@Article{boheetal:2012,
  author =       {Alejandro Boh{\'e} and Sylvain Marsat and Guillaume
                  Faye and Luc Blanchet},
  title =        {Next-to-next-to-leading order spin–orbit effects in
                  the near-zone metric and precession equations of
                  compact binaries},
  journal =      cqg,
  volume =       30,
  number =       7,
  pages =        075017,
  url =          {http://stacks.iop.org/0264-9381/30/i=7/a=075017},
  year =         2013,
}

@Article{boheetal:2013,
  title =        {Next-to-next-to-leading order spin–orbit effects in
                  the near-zone metric and precession equations of
                  compact binaries},
  volume =       30,
  issn =         {0264-9381},
  url =          {http://iopscience.iop.org/0264-9381/30/7/075017},
  doi =          {10.1088/0264-9381/30/7/075017},
  number =       7,
  urldate =      {2013-04-09},
  journal =      cqg,
  author =       {Boh{\'{e}}, Alejandro and Marsat, Sylvain and Faye,
                  Guillaume and Blanchet, Luc},
  month =        apr,
  year =         2013,
  pages =        075017,
  category =     pn
}

@Article{buonannodamour:1999,
  title =        {Effective one-body approach to general relativistic
                  two-body dynamics},
  volume =       59,
  url =          {http://link.aps.org/doi/10.1103/PhysRevD.59.084006},
  doi =          {10.1103/PhysRevD.59.084006},
  number =       8,
  journal =      prd,
  author =       {Alessandra Buonanno and Thibault Damour},
  month =        mar,
  year =         1999,
  pages =        084006,
  category =     pn
}

@Article{buonannodamour:2000,
  title =        {Transition from inspiral to plunge in binary black
                  hole coalescences},
  volume =       62,
  url =          {http://link.aps.org/doi/10.1103/PhysRevD.62.064015},
  doi =          {10.1103/PhysRevD.62.064015},
  number =       6,
  journal =      prd,
  author =       {Alessandra Buonanno and Thibault Damour},
  year =         2000,
  pages =        064015,
  category =     pn
}

@Article{buonannoetal:2003,
  title =        {Detecting gravitational waves from precessing
                  binaries of spinning compact objects: {A}diabatic
                  limit},
  volume =       67,
  shorttitle =   {Detecting gravitational waves from precessing
                  binaries of spinning compact objects},
  url =          {http://link.aps.org/doi/10.1103/PhysRevD.67.104025},
  doi =          {10.1103/PhysRevD.67.104025},
  number =       10,
  journal =      prd,
  author =       {Buonanno, Alessandra and Chen, Yanbei and
                  Vallisneri, Michele},
  month =        may,
  year =         2003,
  pages =        104025,
  category =     pn
}

@Article{buonannoetal:2007,
  title =        {Inspiral, merger, and ring-down of equal-mass
                  black-hole binaries},
  volume =       75,
  url =          {http://link.aps.org/abstract/PRD/v75/e124018},
  doi =          {10.1103/PhysRevD.75.124018},
  number =       12,
  journal =      prd,
  author =       {Alessandra Buonanno and Gregory B. Cook and Frans
                  Pretorius},
  month =        jun,
  year =         2007,
  pages =        {124018--42},
  category =     pn
}

@Article{buonannoetal:2009,
  title =        {Comparison of post-{N}ewtonian templates for compact
                  binary inspiral signals in gravitational-wave
                  detectors},
  author =       {Alessandra Buonanno and Bala R. Iyer and Evan
                  Ochsner and Yi Pan and B. S Sathyaprakash},
  journal =      prd,
  volume =       80,
  number =       8,
  pages =        084043,
  numpages =     24,
  year =         2009,
  month =        {Oct},
  doi =          {10.1103/PhysRevD.80.084043},
  url =          {http://link.aps.org/doi/10.1103/PhysRevD.80.084043},
  category =     pn
}

@Article{buonannoetal:2009a,
  title =        {Effective-one-body waveforms calibrated to numerical
                  relativity simulations: {C}oalescence of
                  nonspinning, equal-mass black holes},
  volume =       79,
  shorttitle =   {Effective-one-body waveforms calibrated to numerical
                  relativity simulations},
  url =          {http://link.aps.org/abstract/PRD/v79/e124028},
  doi =          {10.1103/PhysRevD.79.124028},
  number =       12,
  journal =      prd,
  author =       {Alessandra Buonanno and Yi Pan and Harald
                  P. Pfeiffer and Mark A. Scheel and Luisa T. Buchman
                  and Lawrence E.  Kidder},
  month =        jun,
  year =         2009,
  pages =        {124028--19},
  category =     pn
}

@Article{buonannoetal:2010,
  title =        {Reducing orbital eccentricity of precessing
                  black-hole binaries},
  volume =       83,
  url =          {http://link.aps.org/doi/10.1103/PhysRevD.83.104034},
  doi =          {10.1103/PhysRevD.83.104034},
  number =       10,
  journal =      prd,
  author =       {Buonanno, Alessandra and Kidder, Lawrence E. and
                  Mrou{\'{e}}, Abdul H. and Pfeiffer, Harald P. and
                  Taracchini, Andrea},
  month =        may,
  year =         2011,
  pages =        104034,
  category =     pn
}

@Article{buonannoetal:2012,
  title =        {Spin effects on gravitational waves from inspiraling
                  compact binaries at second post-{N}ewtonian order},
  volume =       87,
  url =          {http://link.aps.org/doi/10.1103/PhysRevD.87.044009},
  doi =          {10.1103/PhysRevD.87.044009},
  number =       4,
  urldate =      {2013-04-09},
  journal =      prd,
  author =       {Buonanno, Alessandra and Faye, Guillaume and
                  Hinderer, Tanja},
  month =        feb,
  year =         2013,
  pages =        044009,
  category =     pn
}

@article{chatziioannouetal:2013,
  title =        {Gravitational waveforms for precessing,
                  quasicircular compact binaries with multiple scale
                  analysis: {S}mall spin expansion},
  author =       {Chatziioannou, Katerina and Klein, Antoine and
                  Yunes, Nicol\'as and Cornish, Neil},
  journal =      prd,
  volume =       88,
  issue =        6,
  pages =        063011,
  numpages =     39,
  year =         2013,
  month =        {Sep},
  doi =          {10.1103/PhysRevD.88.063011},
  url =          {http://link.aps.org/doi/10.1103/PhysRevD.88.063011}
}

@Misc{chatziioannouetal:2014,
  eprint =       {1404.3180},
  archivePrefix ={arXiv},
  primaryClass = {gr-qc},
  title =        {Detection and Parameter Estimation of Gravitational
                  Waves from Compact Binary Inspirals with Analytical
                  Double-Precessing Templates},
  author =       {Chatziioannou, Katerina and Cornish, Neil and Klein,
                  Antoine and Yunes, Nicol{\'{a}}s},
  month =        apr,
  year =         2014,
}

@Article{damouretal:2000,
  title =        {Frequency-domain {P}-approximant filters for
                  time-truncated inspiral gravitational wave signals
                  from compact binaries},
  volume =       62,
  url =          {http://link.aps.org/doi/10.1103/PhysRevD.62.084036},
  doi =          {10.1103/PhysRevD.62.084036},
  number =       8,
  journal =      prd,
  author =       {Thibault Damour and Bala R. Iyer and
                  B. S. Sathyaprakash},
  year =         2000,
  pages =        084036,
  category =     pn
}

@Article{damouretal:2001,
  title =        {Comparison of search templates for gravitational
                  waves from binary inspiral},
  volume =       63,
  url =          {http://link.aps.org/doi/10.1103/PhysRevD.63.044023},
  doi =          {10.1103/PhysRevD.63.044023},
  number =       4,
  journal =      prd,
  author =       {Thibault Damour and Bala R. Iyer and
                  B. S. Sathyaprakash},
  month =        jan,
  year =         2001,
  pages =        044023,
  category =     pn
}

@Article{damouretal:2003,
  title =        {Gravitational waves from black hole binary inspiral
                  and merger: {T}he span of third post-{N}ewtonian
                  effective-one-body templates},
  volume =       67,
  shorttitle =   {Gravitational waves from black hole binary inspiral
                  and merger},
  url =          {http://link.aps.org/doi/10.1103/PhysRevD.67.064028},
  doi =          {10.1103/PhysRevD.67.064028},
  number =       6,
  journal =      prd,
  author =       {Thibault Damour and Bala R. Iyer and Piotr
                  Jaranowski and B. S. Sathyaprakash},
  month =        mar,
  year =         2003,
  pages =        064028,
  category =     pn
}

@Article{damouretal:2011,
  title =        {Accuracy and effectualness of closed-form,
                  frequency-domain waveforms for nonspinning black
                  hole binaries},
  volume =       83,
  url =          {http://link.aps.org./doi/10.1103/PhysRevD.83.024006},
  doi =          {10.1103/PhysRevD.83.024006},
  number =       2,
  journal =      prd,
  author =       {Thibault Damour and Alessandro Nagar and Miquel
                  Trias},
  month =        jan,
  year =         2011,
  pages =        024006,
  category =     pn
}

@Article{damourgopakumar:2006,
  title =        {Gravitational recoil during binary black hole
                  coalescence using the effective one body approach},
  volume =       73,
  url =          {http://link.aps.org/doi/10.1103/PhysRevD.73.124006},
  doi =          {10.1103/PhysRevD.73.124006},
  number =       12,
  urldate =      {2011-05-16},
  journal =      prd,
  author =       {Damour, Thibault and Gopakumar, Achamveedu},
  month =        jun,
  year =         2006,
  pages =        124006,
}

@Article{favata:2011,
  title =        {Conservative corrections to the innermost stable
                  circular orbit ({ISCO}) of a {Kerr} black hole: {A}
                  new gauge-invariant post-{Newtonian} {ISCO}
                  condition, and the {ISCO} shift due to test-particle
                  spin and the gravitational self-force},
  author =       {Favata, Marc},
  journal =      prd,
  volume =       83,
  issue =        2,
  pages =        024028,
  numpages =     17,
  year =         2011,
  month =        jan,
  doi =          {10.1103/PhysRevD.83.024028},
  url =          {http://link.aps.org/doi/10.1103/PhysRevD.83.024028}
}

@Article{fayeetal:2006,
  title =        {Higher-order spin effects in the dynamics of compact
                  binaries. {I}. {E}quations of motion},
  volume =       74,
  url =          {http://link.aps.org/doi/10.1103/PhysRevD.74.104033},
  doi =          {10.1103/PhysRevD.74.104033},
  number =       10,
  urldate =      {2010-03-31},
  journal =      prd,
  author =       {Faye, Guillaume and Blanchet, Luc and Buonanno,
                  Alessandra},
  month =        nov,
  year =         2006,
  pages =        104033,
  category =     pn
}

@article{fitchett:1983,
  title =        {The influence of gravitational wave momentum losses
                  on the centre of mass motion of a {N}ewtonian binary
                  system},
  volume =       203,
  url =          {http://adsabs.harvard.edu/abs/1983MNRAS.203.1049F},
  journal =      mnras,
  author =       {Fitchett, M. J.},
  month =        jun,
  year =         1983,
  pages =        {1049--1062},
}

@Article{grallaetal:2010,
  title =        {Bobbing and Kicks in Electromagnetism and Gravity},
  volume =       81,
  issn =         {1550-7998, 1550-2368},
  url =          {http://arxiv.org/abs/1004.0679},
  doi =          {10.1103/PhysRevD.81.104012},
  number =       10,
  urldate =      {2014-05-08},
  journal =      prd,
  author =       {Gralla, Samuel E. and Harte, Abraham I. and Wald,
                  Robert M.},
  month =        may,
  year =         2010,
  keywords =     {General Relativity and Quantum Cosmology, Physics -
                  Classical Physics},
  annote =       {Comment: 22 pages, 1 figure, minor reference changes
                  and fixed typos},
}

@Article{grandclementetal:2004,
  title =        {Searching for gravitational waves from the inspiral
                  of precessing binary systems: {A}strophysical
                  expectations and detection efficiency of ``spiky''
                  templates},
  volume =       69,
  shorttitle =   {Searching for gravitational waves from the inspiral
                  of precessing binary systems},
  url =          {http://link.aps.org/doi/10.1103/PhysRevD.69.102002},
  doi =          {10.1103/PhysRevD.69.102002},
  number =       10,
  journal =      prd,
  author =       {Grandcl{\'{e}}ment, Philippe and Ihm, Mia and
                  Kalogera, Vassiliki and Belczynski, Krzysztof},
  month =        may,
  year =         2004,
  pages =        102002,
  category =     pn
}

@Article{janisnewman:1965,
  title =        {Structure of Gravitational Sources},
  volume =       6,
  issn =         00222488,
  url =          {http://dx.doi.org/10.1063/1.1704349},
  doi =          {doi:10.1063/1.1704349},
  number =       6,
  journal =      jmp,
  author =       {Janis, A. I. and Newman, E. T.},
  month =        jun,
  year =         1965,
  pages =        {902--914},
  category =     pn
}

@Article{kidder:1995,
  title =        {Coalescing binary systems of compact objects to
                  (post)5/2-{N}ewtonian order. {V}. {S}pin effects},
  volume =       52,
  url =          {http://link.aps.org/doi/10.1103/PhysRevD.52.821},
  doi =          {10.1103/PhysRevD.52.821},
  number =       2,
  journal =      prd,
  author =       {Kidder, Lawrence E.},
  month =        jul,
  year =         1995,
  pages =        821,
  category =     pn
}

@Article{kidderetal:1993,
  title =        {Spin effects in the inspiral of coalescing compact
                  binaries},
  volume =       47,
  url =          {http://link.aps.org/doi/10.1103/PhysRevD.47.R4183},
  doi =          {10.1103/PhysRevD.47.R4183},
  number =       10,
  journal =      prd,
  author =       {Kidder, Lawrence E. and Will, Clifford M. and
                  Wiseman, Alan G.},
  month =        may,
  year =         1993,
  pages =        {R4183},
  category =     pn
}

@Misc{kleinetal:2013,
  title =        {Gravitational Waveforms for Precessing,
                  Quasi-circular Binaries via Multiple Scale Analysis
                  and Uniform Asymptotics: The Near Spin Alignment
                  Case},
  shorttitle =   {Gravitational Waveforms for Precessing,
                  Quasi-circular Binaries via Multiple Scale Analysis
                  and Uniform Asymptotics},
  author =       {Klein, Antoine and Cornish, Neil and Yunes,
                  Nicol{\'{a}}s},
  month =        may,
  year =         2013,
  eprint =       {1305.1932},
  archivePrefix ={arXiv},
  primaryClass = {gr-qc},
}

@Article{marsatetal:2012,
  title =        {Next-to-next-to-leading order spin--orbit effects in
                  the equations of motion of compact binary systems},
  volume =       30,
  issn =         {0264-9381},
  url =          {http://iopscience.iop.org/0264-9381/30/5/055007},
  doi =          {10.1088/0264-9381/30/5/055007},
  number =       5,
  urldate =      {2013-04-09},
  journal =      cqg,
  author =       {Marsat, Sylvain and Boh{\'{e}}, Alejandro and Faye,
                  Guillaume and Blanchet, Luc},
  month =        mar,
  year =         2013,
  pages =        055007,
  category =     pn
}

@Article{mathews:1962,
  title =        {Gravitational Multipole Radiation},
  volume =       10,
  issn =         03684245,
  url =
                  {http://link.aip.org/link/SMJMAP/v10/i4/p768/s1&Agg=doi},
  doi =          {10.1137/0110059},
  number =       4,
  journal =      {J. Soc. Ind. Appl. Math.},
  author =       {Mathews, Jon},
  year =         1962,
  pages =        768,
  category =     pn
}

@Article{mroueetal:2008,
  title =        {Ineffectiveness of {P}ad{\'{e}} resummation
                  techniques in post-{N}ewtonian approximations},
  volume =       78,
  url =          {http://link.aps.org/doi/10.1103/PhysRevD.78.044004},
  doi =          {10.1103/PhysRevD.78.044004},
  number =       4,
  journal =      prd,
  author =       {Abdul H. Mrou{\'{e}} and Lawrence E. Kidder and Saul
                  A.  Teukolsky},
  year =         2008,
  pages =        044004,
  category =     pn
}

@Article{panetal:2004,
  title =        {Physical template family for gravitational waves
                  from precessing binaries of spinning compact
                  objects: {A}pplication to single-spin binaries},
  volume =       69,
  shorttitle =   {Physical template family for gravitational waves
                  from precessing binaries of spinning compact
                  objects},
  url =          {http://link.aps.org/doi/10.1103/PhysRevD.69.104017},
  doi =          {10.1103/PhysRevD.69.104017},
  number =       10,
  journal =      prd,
  author =       {Pan, Yi and Buonanno, Alessandra and Chen, Yanbei
                  and Vallisneri, Michele},
  month =        may,
  year =         2004,
  pages =        104017,
  category =     pn
}

@Article{panetal:2010,
  title =        {Effective-one-body waveforms calibrated to numerical
                  relativity simulations: {C}oalescence of
                  nonprecessing, spinning, equal-mass black holes},
  volume =       81,
  shorttitle =   {Effective-one-body waveforms calibrated to numerical
                  relativity simulations},
  url =          {http://link.aps.org/doi/10.1103/PhysRevD.81.084041},
  doi =          {10.1103/PhysRevD.81.084041},
  number =       8,
  journal =      prd,
  author =       {Yi Pan and Alessandra Buonanno and Luisa T. Buchman
                  and Tony Chu and Lawrence E. Kidder and Harald
                  P. Pfeiffer and Mark A. Scheel},
  month =        apr,
  year =         2010,
  pages =        084041,
  category =     pn
}

@Article{panetal:2010b,
  title =        {Post-{N}ewtonian factorized multipolar waveforms for
                  spinning, nonprecessing black-hole binaries},
  volume =       83,
  url =          {http://link.aps.org/doi/10.1103/PhysRevD.83.064003},
  doi =          {10.1103/PhysRevD.83.064003},
  number =       6,
  journal =      prd,
  author =       {Yi Pan and Alessandra Buonanno and Ryuichi Fujita
                  and Etienne Racine and Hideyuki Tagoshi},
  month =        mar,
  year =         2011,
  pages =        064003,
  category =     pn
}

@Article{panetal:2011,
  title =        {Inspiral-merger-ringdown multipolar waveforms of
                  nonspinning black-hole binaries using the
                  effective-one-body formalism},
  author =       {Pan, Yi and Buonanno, Alessandra and Boyle, Michael
                  and Buchman, Luisa T. and Kidder, Lawrence E. and
                  Pfeiffer, Harald P. and Scheel, Mark A.},
  journal =      prd,
  volume =       84,
  issue =        12,
  pages =        124052,
  numpages =     26,
  year =         2011,
  month =        dec,
  doi =          {10.1103/PhysRevD.84.124052},
  url =          {http://link.aps.org/doi/10.1103/PhysRevD.84.124052},
  category =     pn
}

@InCollection{pirani:1964,
  author =       {Felix A. E. Pirani},
  title =        {Introduction to Gravitational Radiation Theory},
  booktitle =    {Lectures in Theoretical Physics},
  pages =        {249--373},
  publisher =    {Prentice-Hall},
  year =         1964,
  editor =       {Stanley Deser and Kenneth W. Ford},
  volume =       1,
  series =       {Brandeis Summer Insitute in Theoretical Physics},
  category =     pn
}

@article{racineetal:2008,
  title =        {Recoil velocity at {2PN} order for spinning black
                  hole binaries},
  url =          {http://arxiv.org/abs/0812.4413},
  doi =          {10.1103/PhysRevD.80.044010},
  journal =      prd,
  volume =       80,
  pages =        044010,
  author =       {Racine, {\'{E}}tienne and Buonanno, Alessandra and
                  Kidder, Lawrence E.},
  year =         2009,
}

@Article{ryan:1995,
  title =        {Effect of gravitational radiation reaction on
                  circular orbits around a spinning black hole},
  volume =       52,
  url =          {http://link.aps.org/doi/10.1103/PhysRevD.52.R3159},
  doi =          {10.1103/PhysRevD.52.R3159},
  number =       6,
  journal =      prd,
  author =       {Ryan, Fintan D.},
  year =         1995,
  pages =        {R3159--R3162},
  category =     pn
}

@Article{sasakitagoshi:2003,
  title =        {Analytic Black Hole Perturbation Approach to
                  Gravitational Radiation},
  author =       {Misao Sasaki and Hideyuki Tagoshi},
  journal =      livrevrel,
  year =         2003,
  number =       6,
  volume =       6,
  url =          {http://www.livingreviews.org/lrr-2003-6},
  category =     pn
}

@Article{thorne:1980,
  title =        {Multipole expansions of gravitational radiation},
  author =       {Thorne, Kip S.},
  journal =      rmp,
  volume =       52,
  number =       2,
  pages =        {299--339},
  numpages =     40,
  year =         1980,
  month =        {Apr},
  doi =          {10.1103/RevModPhys.52.299},
  url =          {http://prola.aps.org/abstract/RMP/v52/i2/p299_1},
  category =     pn
}

@Article{willwiseman:1996,
  title =        {Gravitational radiation from compact binary systems:
                  {G}ravitational waveforms and energy loss to second
                  post-{N}ewtonian order},
  volume =       54,
  shorttitle =   {Gravitational radiation from compact binary systems},
  url =          {http://link.aps.org/doi/10.1103/PhysRevD.54.4813},
  doi =          {10.1103/PhysRevD.54.4813},
  number =       8,
  urldate =      {2010-02-07},
  journal =      prd,
  author =       {Will, Clifford M. and Wiseman, Alan G.},
  month =        oct,
  year =         1996,
  pages =        4813,
  category =     pn
}

@Article{yangetal:2012,
  title =        {Quasinormal-mode spectrum of {K}err black holes and
                  its geometric interpretation},
  volume =       86,
  url =          {http://link.aps.org/doi/10.1103/PhysRevD.86.104006},
  doi =          {10.1103/PhysRevD.86.104006},
  number =       10,
  urldate =      {2013-01-23},
  journal =      prd,
  author =       {Yang, Huan and Nichols, David A. and Zhang, Fan and
                  Zimmerman, Aaron and Zhang, Zhongyang and Chen,
                  Yanbei},
  month =        nov,
  year =         2012,
  pages =        104006,
  category =     pn
}
