@STRING{aamath = "Acta\ Appl.\ Math." }
@STRING{aphpol = "Acta\ Phys.\ Pol." }
@STRING{aphpolb = "Acta\ Phys.\ Pol.\ B" }
@STRING{intjtheorphys="Int.\ J.\ Theor.\ Phys" }
@STRING{jmanapp = "J.\ Math.\ Anal.\ Appl." }
@STRING{jphysamathgen="J.\ Phys.\ A: Math. Gen." }
@STRING{livrevrel="Living Rev. Relativity" }
@STRING{mnras = "Mon.\ Not.\ Roy.\ Astro.\ Soc." }
@STRING{procrsa = "Proc.\ Roy.\ Soc.\ A" }

@Article{bulikbelczynski:2003,
  title =        {Constraints on the Binary Evolution from Chirp Mass
                  Measurements},
  volume =       589,
  issn =         {{0004-637X}},
  url =          {http://iopscience.iop.org/1538-4357/589/1/L37},
  doi =          {10.1086/375713},
  number =       1,
  journal =      apj,
  author =       {Tomasz Bulik and Krzysztof Belczy{\'{n}}ski},
  year =         2003,
  pages =        {L37--L40},
  category =     astro
}

@Article{buliketal:2004,
  title =        {Expected masses of merging compact object binaries
                  observed in gravitational waves},
  volume =       352,
  issn =         {1365-2966},
  url =          {http://dx.doi.org/10.1111/j.1365-2966.2004.08028.x},
  doi =          {10.1111/j.1365-2966.2004.08028.x},
  number =       4,
  journal =      mnras,
  author =       {Bulik, T. and {Gondek-Rosinska}, D. and Belczynski,
                  K.},
  month =        aug,
  year =         2004,
  pages =        {1372--1380},
  category =     astro
}

@Misc{farretal:2010,
  title =        {The Mass Distribution of Stellar-Mass Black Holes},
  archiveprefix ={arXiv},
  eprint =       {1011.1459},
  primaryclass = {astro-ph},
  author =       {Will M. Farr and Niharika Sravan and Andrew Cantrell
                  and Laura Kreidberg and Charles D. Bailyn and Ilya
                  Mandel and Vicky Kalogera},
  month =        nov,
  year =         2010,
  keywords =     {Astrophysics - Galaxy Astrophysics},
  category =     astro
}

@Article{gelinoharrison:2003,
  title =        {{GRO J0422+32}: {T}he Lowest-Mass Black Hole?},
  volume =       599,
  issn =         {{0004-637X}},
  shorttitle =   {{GRO J0422+32}},
  url =          {http://iopscience.iop.org/0004-637X/599/2/1254/},
  doi =          {10.1086/379311},
  number =       2,
  journal =      apj,
  author =       {Dawn M. Gelino and Thomas E. Harrison},
  year =         2003,
  pages =        {1254--1259},
  category =     astro
}

@Article{kalogera:2000,
  title =        {Spin-Orbit Misalignment in Close Binaries with Two
                  Compact Objects},
  volume =       541,
  issn =         {{0004-637X}},
  url =          {http://iopscience.iop.org/0004-637X/541/1/319},
  doi =          {10.1086/309400},
  number =       1,
  journal =      apj,
  author =       {Kalogera, Vassiliki},
  month =        sep,
  year =         2000,
  pages =        {319--328},
  category =     astro
}

@Article{laietal:2001,
  title =        {Pulsar Jets: {I}mplications for Neutron Star Kicks
                  and Initial Spins},
  volume =       549,
  issn =         {{0004-637X}, 1538-4357},
  shorttitle =   {Pulsar Jets},
  url =          {http://iopscience.iop.org/319455},
  doi =          {10.1086/319455},
  number =       2,
  journal =      apj,
  author =       {Lai, Dong and Chernoff, David F. and Cordes, James
                  M.},
  month =        mar,
  year =         2001,
  pages =        {1111--1118},
  category =     astro
}

@Article{LehnerPretorius:2014,
  author =       {Lehner, Luis and Pretorius, Frans},
  title =        {Numerical Relativity and Astrophysics},
  journal =      {Ann. Rev. Astronomy and Astrophys.},
  volume =       52,
  number =       1,
  pages =        {null},
  year =         2014,
  doi =          {10.1146/annurev-astro-081913-040031},
  URL =          {http://dx.doi.org/10.1146/annurev-astro-081913-040031},
}

@Article{nissankeetal:2010,
  title =        {Exploring short gamma-ray bursts as
                  gravitational-wave standard sirens},
  volume =       725,
  issn =         {0004-{637X}, 1538-4357},
  url =          {http://iopscience.iop.org/0004-637X/725/1/496},
  doi =          {10.1088/0004-637X/725/1/496},
  number =       1,
  urldate =      {2013-02-06},
  journal =      apj,
  author =       {Nissanke, Samaya and Holz, Daniel E. and Hughes,
                  Scott A.  and Dalal, Neal and Sievers, Jonathan L.},
  month =        dec,
  year =         2010,
  pages =        {496--514},
  category =     astro
}

@Article{oshaughnessyetal:2005,
  title =        {Bounds on Expected Black Hole Spins in Inspiraling
                  Binaries},
  volume =       632,
  url =          {http://iopscience.iop.org/444346},
  doi =          {10.1086/444346},
  number =       2,
  journal =      apj,
  author =       {O'{S}haughnessy, R. and Kaplan, J. and Kalogera,
                  V. and Belczynski, K.},
  month =        oct,
  year =         2005,
  pages =        {1035--1041},
  category =     astro
}

@Article{oshaughnessyetal:2010,
  title =        {Binary Compact Object Coalescence Rates: {T}he Role
                  of Elliptical Galaxies},
  volume =       716,
  issn =         {{0004-637X}},
  url =          {http://iopscience.iop.org/0004-637X/716/1/615},
  doi =          {10.1088/0004-637X/716/1/615},
  number =       1,
  journal =      apj,
  author =       {R. {O'Shaughnessy} and V. Kalogera and Krzysztof
                  Belczynski},
  year =         2010,
  pages =        {615--633},
  category =     astro
}

@Article{ozeletal:2010,
  title =        {The black-hole mass distribution in the galaxy},
  volume =       725,
  issn =         {{0004-637X}},
  url =          {http://iopscience.iop.org/0004-637X/725/2/1918},
  doi =          {10.1088/0004-637X/725/2/1918},
  number =       2,
  journal =      apj,
  author =       {Feryal {\"{O}}zel and Dimitrios Psaltis and Ramesh
                  Narayan and Jeffrey E. Mc{C}lintock},
  year =         2010,
  pages =        {1918--1927},
  category =     astro
}

@Article{shaposhnikovtitarchuk:2009,
  title =        {Determination of Black Hole Masses in Galactic Black
                  Hole Binaries Using Scaling of Spectral and
                  Variability Characteristics},
  volume =       699,
  issn =         {0004-637X},
  url =          {http://iopscience.iop.org/0004-637X/699/1/453},
  doi =          {10.1088/0004-637X/699/1/453},
  number =       1,
  urldate =      {2014-07-21},
  journal =      apj,
  author =       {Shaposhnikov, Nickolai and Titarchuk, Lev},
  month =        jul,
  year =         2009,
  pages =        453,
}

@Article{spruitphinney:1998,
  title =        {Birth kicks as the origin of pulsar rotation},
  volume =       393,
  url =          {http://dx.doi.org/10.1038/30168},
  doi =          {10.1038/30168},
  number =       6681,
  journal =      {Nature},
  author =       {Spruit, H. and Phinney, E. S.},
  month =        may,
  year =         1998,
  pages =        139,
  category =     astro
}

@Article{wangetal:2007,
  title =        {Spin--Kick Correlation in Neutron Stars: {A}lignment
                  Conditions and Implications},
  volume =       656,
  issn =         {{0004-637X}, 1538-4357},
  shorttitle =   {Spin‚ÄêKick Correlation in Neutron Stars},
  url =          {http://iopscience.iop.org/510352},
  doi =          {10.1086/510352},
  number =       1,
  journal =      apj,
  author =       {Wang, Chen and Lai, Dong and Han, J. L.},
  month =        feb,
  year =         2007,
  pages =        {399--407},
  category =     astro
}

@Article{weinsteinetal:2012,
  title =        {Astronomy and astrophysics with gravitational waves
                  in the advanced detector era},
  volume =       29,
  issn =         {0264-9381, 1361-6382},
  url =          {http://iopscience.iop.org/0264-9381/29/12/124012},
  doi =          {10.1088/0264-9381/29/12/124012},
  number =       12,
  urldate =      {2013-02-06},
  journal =      cqg,
  author =       {{Alan J. Weinstein for the LIGO Scientific
                  Collaboration and the Virgo Collaboration}},
  month =        jun,
  year =         2012,
  pages =        124012,
  category =     astro
}
