
@book{Doran2010,
  edition = {4th print.},
  title = {Geometric algebra for physicists},
  isbn = {9780521715959},
  publisher = {Cambridge {Univ}. {Press}},
  author = {Doran, {Chris} and {Lasenby}, {Anthony}},
  year = {2010}
}

@book{Frankel2004,
  edition = {second},
  title = {The geometry of physics: {An} introduction},
  isbn = {9780521539272},
  shorttitle = {The geometry of physics},
  publisher = {Cambridge {Univ}. {Press}},
  author = {Frankel, {Theodore}},
  year = {2004}
}

@book{Misner1973,
  edition = {first},
  title = {Gravitation},
  isbn = {9780716703440},
  publisher = {{W}. {H}. {Freeman}},
  author = {Misner, {Charles} {W}. and {Thorne}, {Kip} {S}. and {Wheeler}, {John} {Archibald}},
  year = {1973},
  note = {24th printing}
}

@book{Szekeres2006,
  edition = {3. pr.},
  title = {{A} course in modern mathematical physics: {Groups}, {Hilbert} space and differential geometry},
  isbn = {9780521829601},
  shorttitle = {{A} course in modern mathematical physics},
  publisher = {Cambridge {University} {Press}},
  author = {Szekeres, {Peter}},
  year = {2006}
}

@book{Jackson1998,
  edition = {3},
  title = {Classical {Electrodynamics} {Third} {Edition}},
  isbn = {047130932X},
  publisher = {Wiley},
  author = {Jackson, {John} {David}},
  month = aug,
  year = {1998}
}

@book{Hatcher2009,
  edition = {2.1},
  title = {Vector {Bundles} and {K}-{Theory}},
  author = {Hatcher, {Allen}},
  month = may,
  year = {2009}
}

@book{Lang2002,
  title = {Algebra},
  isbn = {9780387953854},
  publisher = {Springer},
  author = {Lang, {Serge}},
  month = jan,
  year = {2002}
}

@book{Conway1978,
  title = {Functions of {One} {Complex} {Variable} {I}},
  isbn = {9780387903286},
  publisher = {Springer},
  author = {Conway, {John} {B}.},
  month = aug,
  year = {1978}
}

@book{Nevanlinna1969,
  title = {Introduction to {Complex} {Analysis}},
  isbn = {9780821874332},
  publisher = {American {Mathematical} {Soc}.},
  author = {Nevanlinna, {Rolf} {Herman} and {Paatero}, {Veikko}},
  year = {1969}
}

@book{Hatcher2001,
  address = {New {York}, {NY}},
  edition = {1 edition},
  title = {Algebraic {Topology}},
  isbn = {9780521795401},
  publisher = {Cambridge {University} {Press}},
  author = {Hatcher, {Allen}},
  month = dec,
  year = {2001}
}

@book{Bott1995,
  address = {New {York}},
  edition = {1st ed. 1982. {Corr}. 3rd printing 1995 edition},
  title = {Differential {Forms} in {Algebraic} {Topology}},
  isbn = {9780387906133},
  publisher = {Springer},
  author = {Bott, {Raoul} and {Tu}, {Loring} {W}.},
  month = apr,
  year = {1995}
}

@book{Procesi2007,
  address = {New {York}, {NY}},
  series = {Universitext},
  title = {Lie {Groups}: {An} {Approach} through {Invariants} and {Representations}},
  isbn = {978-0-387-26040-2, 978-0-387-28929-8},
  url = {http://link.springer.com/book/10.1007\%2F978-0-387-28929-8},
  urldate = {2015-04-27},
  publisher = {Springer},
  author = {Procesi, {Claudio}},
  year = {2007}
}

@book{Abramowitz1972,
  title = {Handbook of mathematical functions},
  author = {Abramowitz, {Milton} and {Stegun}, {Irene} {A}.},
  month = dec,
  year = {1972}
}

@book{Ortin2004,
  edition = {first},
  title = {Gravity and strings},
  isbn = {0521824753},
  publisher = {Cambridge {University} {Press}},
  author = {Ort{\'\i}n, {Tom}{\'a}s},
  year = {2004}
}

@book{Weinberg1999,
  edition = {Reprinted (with corr.)},
  title = {The quantum theory of fields},
  isbn = {0521550017},
  publisher = {Cambridge {Univ}. {Press}},
  author = {Weinberg, {Steven}},
  year = {1999}
}

@book{Hawking1976,
  edition = {Rep ed.},
  title = {The large scale structure of space-time},
  isbn = {0521099064},
  publisher = {Cambridge {University} {Press}},
  author = {Hawking, {S}. {W}. and {Ellis}, {G}. {F}. {R}.},
  year = {1976}
}

@book{Riesz1990,
  edition = {Dover ed.},
  title = {Functional analysis},
  isbn = {0486662896},
  publisher = {Dover {Publications}},
  author = {Riesz, {Frigyes} and {Sz}.-{Nagy}, {B}{\'e}la},
  year = {1990}
}

@book{Rotman1988,
  edition = {corr. 2. print.},
  title = {An introduction to algebraic topology},
  isbn = {9780387966},
  publisher = {Springer-{Verlag}},
  author = {Rotman, {Joseph} {J}.},
  year = {1988}
}

@book{Munkres2000,
  edition = {second},
  title = {Topology},
  isbn = {9780131816},
  publisher = {Prentice {Hall}},
  author = {Munkres, {James} {R}.},
  year = {2000}
}

@book{Epstein2009,
  edition = {third},
  title = {Thinking physics is {Gedanken} physics},
  isbn = {9780935218},
  publisher = {Insight {Press}},
  author = {Epstein, {Lewis} {Carroll}},
  year = {2009}
}

@book{Schutz1986,
  title = {{A} first course in general relativity},
  isbn = {9780521277},
  publisher = {Cambridge {University} {Press}},
  author = {Schutz, {Bernard} {F}.},
  year = {1986}
}

@book{Morita2001,
  edition = {{[}{Reprint}.{]}.},
  title = {Geometry of differential forms},
  isbn = {0821810456},
  publisher = {American {Math}. {Soc}.},
  author = {Morita, {Shigeyuki}},
  year = {2001}
}

@book{Guillemin1974,
  title = {Differential topology},
  isbn = {9780132126},
  publisher = {Prentice-{Hall}},
  author = {Guillemin, {Victor} and {Pollack}, {Alan}},
  year = {1974}
}

@book{Dummit1999,
  edition = {second},
  title = {Abstract algebra},
  isbn = {9780135693},
  publisher = {Prentice {Hall}},
  author = {Dummit, {David} {S}. and {Foote}, {Richard} {M}.},
  year = {1999}
}

@book{Scott1987,
  edition = {Reprint.},
  title = {Group theory},
  isbn = {0486653773},
  publisher = {Dover},
  author = {Scott, {W}. {R}.},
  year = {1987}
}

@book{Peacock2007,
  edition = {8. print. with corr.},
  title = {Cosmological physics},
  isbn = {9780521422},
  publisher = {Cambridge {Univ}. {Press}},
  author = {Peacock, {J}. {A}.},
  year = {2007}
}

@book{Wald1994,
  edition = {{[}{Nachdr}.{]}},
  title = {Quantum field theory in curved spacetime and black holes thermodynamics},
  isbn = {9780226870},
  publisher = {The {University} of {Chicago} {Press}},
  author = {Wald, {Robert} {M}.},
  year = {1994}
}

@book{Goldstein2002,
  edition = {third},
  title = {Classical mechanics},
  isbn = {9788178085},
  publisher = {Pearson {Education}},
  author = {Goldstein, {Herbert} and {Poole}, {Charles} and {Safko}, {John} {L}.},
  year = {2002}
}

@book{Arnold1989,
  edition = {second},
  title = {Mathematical methods of classical mechanics},
  isbn = {9780387968},
  publisher = {Springer-{Verlag}},
  author = {Arnold, {V}. {I}.},
  year = {1989}
}

@book{Hamermesh1989,
  edition = {Unabridged, corr. republ. of the 2. print.},
  title = {Group theory and its application to physical problems},
  isbn = {9780486661},
  publisher = {Dover {Publications}},
  author = {Hamermesh, {Morton}},
  year = {1989}
}

@book{Kane1993,
  edition = {Updated ed.},
  title = {Modern elementary particle physics: {The} fundamental particles and forces?},
  isbn = {9780201624},
  shorttitle = {Modern elementary particle physics},
  publisher = {Addison-{Wesley} {Pub}.},
  author = {Kane, {Gordon}},
  year = {1993}
}

@book{Zwiebach2007,
  edition = {6. print.},
  title = {{A} first course in string theory},
  isbn = {9780521831},
  publisher = {Cambridge {Univ}. {Press}},
  author = {Zwiebach, {Barton}},
  year = {2007}
}

@book{Press2007,
  address = {New {York}, {NY}},
  edition = {3},
  title = {Numerical {Recipes} 3rd {Edition}: {The} {Art} of {Scientific} {Computing}},
  isbn = {0521880688},
  shorttitle = {Numerical {Recipes} 3rd {Edition}},
  publisher = {Cambridge {University} {Press}},
  author = {Press, {William} {H}. and {Teukolsky}, {Saul} {A}. and {Vetterling}, {William} {T}. and {Flannery}, {Brian} {P}.},
  month = sep,
  year = {2007}
}

@book{Shankar1994,
  address = {New {York}},
  edition = {second},
  title = {Principles of {Quantum} {Mechanics}},
  publisher = {Plenum {Press}},
  author = {Shankar, {Ramamurti}},
  year = {1994}
}

@book{Sakurai1993,
  address = {New {York}},
  edition = {revised},
  title = {Modern {Quantum} {Mechanics}},
  isbn = {0201539292},
  publisher = {Addison {Wesley}},
  author = {Sakurai, {J}. {J}.},
  month = sep,
  year = {1993}
}

@book{Vassiliev2001,
  address = {Providence, {RI}},
  title = {Introduction to topology},
  isbn = {9780821821},
  publisher = {American {Mathematical} {Society}},
  author = {Vassiliev, {V}. {A}.},
  year = {2001}
}

@book{Wald1984,
  edition = {first},
  title = {General relativity},
  isbn = {9780226870},
  publisher = {Univ. of {Chicago} {Press}},
  author = {Wald, {Robert} {M}.},
  year = {1984}
}

@book{Behnke1974,
  title = {Fundamentals of mathematics: {Analysis}},
  volume = {3},
  isbn = {0262020491},
  publisher = {{M}.{I}.{T}. {Press}},
  author = {Behnke, {H}. and {Bachmann} and {Fladt} and {S{\"u}ss}},
  year = {1974}
}

@book{Behnke1974a,
  title = {Fundamentals of mathematics: {Geometry}},
  volume = {2},
  isbn = {0262020696},
  publisher = {{M}.{I}.{T}. {Press}},
  author = {Behnke, {H}. and {Bachmann} and {Fladt} and {Kunle}},
  year = {1974}
}

@book{Behnke1974b,
  title = {Fundamentals of mathematics: {Foundations} of {Mathematics} / {The} {Real} {Number} {System} and {Algebra}},
  volume = {1},
  isbn = {0262020483},
  publisher = {{MIT} {Press}},
  author = {Behnke, {H}. and {Bachmann} and {Fladt} and {S{\"u}ss}},
  year = {1974},
  note = {Translated by S. H. Gould}
}

@book{Abramowitz1964,
  title = {Handbook of {Mathematical} {Functions}: {With} {Formulas}, {Graphs}, and {Mathematical} {Tables}},
  isbn = {9780486612720},
  shorttitle = {Handbook of {Mathematical} {Functions}},
  publisher = {Courier {Dover} {Publications}},
  author = {Abramowitz, {Milton} and {Stegun}, {Irene} {A}.},
  year = {1964}
}

@book{Byron1992,
  edition = {{[}{Unabridged} and corr. republ. in one vol.{]}.},
  title = {Mathematics of classical and quantum physics},
  isbn = {048667164X},
  publisher = {Dover {Publications}},
  author = {Byron, {Frederick} {W}., {Jr}. and {Fuller}, {Robert} {W}.},
  year = {1992}
}

@book{Schwartz1989,
  address = {New {York}, {NY}},
  edition = {first},
  title = {Einstein for beginners},
  isbn = {9780679725},
  publisher = {Pantheon {Books}},
  author = {Schwartz, {Joseph} and {McGuinness}, {Michael}},
  year = {1989}
}

@book{Gonick1991,
  address = {New {York}, {NY}},
  edition = {first},
  title = {The cartoon guide to physics},
  isbn = {9780062731},
  publisher = {{HarperPerennial}},
  author = {Gonick, {Larry} and {Huffman}, {Art}},
  year = {1991}
}

@book{Penrose2005,
  title = {The {Road} to {Reality}},
  isbn = {9780099440680},
  publisher = {Random {House} {UK}},
  author = {Penrose, {Roger}},
  year = {2005}
}

@book{Griffiths2008,
  title = {Introduction to {Elementary} {Particles}},
  isbn = {9783527618477},
  publisher = {John {Wiley} \& {Sons}},
  author = {Griffiths, {David}},
  month = sep,
  year = {2008}
}

@incollection{Wigner1993,
  series = {The {Collected} {Works} of {Eugene} {Paul} {Wigner}},
  title = {On {Unitary} {Representations} of the {Inhomogeneous} {Lorentz} {Group}},
  isbn = {978-3-642-08154-5, 978-3-662-02781-3},
  url = {http://link.springer.com/chapter/10.1007/978-3-662-02781-3_22},
  number = {A / 1},
  urldate = {2015-04-22},
  booktitle = {The {Collected} {Works} of {Eugene} {Paul} {Wigner}},
  publisher = {Springer {Berlin} {Heidelberg}},
  author = {Wigner, {E}. {P}.},
  editor = {Wightman, {Arthur} {S}.},
  year = {1993},
  pages = {334--389}
}

@book{DavidAllen2001,
  edition = {{[}repr.{]}.},
  title = {Getting things done : the art of stress-free productivity},
  isbn = {9780142000},
  shorttitle = {Getting things done},
  publisher = {Penguin {Books}},
  author = {{David Allen}},
  year = {2001}
}

@book{DouglasJ.MasonwithBrendaMason2010,
  title = {Brain boot camp : work out your mind with your very own electronic coach},
  isbn = {9780811869},
  shorttitle = {Brain boot camp},
  publisher = {Chronicle {Books}},
  author = {{Douglas J. Mason with Brenda Mason}},
  year = {2010}
}

@book{JulieA.Bjelland2010,
  edition = {1st ed.},
  title = {Imagine life with a well-behaved dog : a 3-step positive dog-training program},
  isbn = {9780312598},
  shorttitle = {Imagine life with a well-behaved dog},
  publisher = {St. {Martin}'s {Griffin}},
  author = {{Julie A. Bjelland}},
  year = {2010}
}

@book{Hestenes1987,
  address = {Norwell, {MA}},
  title = {Clifford algebra to geometric calculus},
  publisher = {Kluwer {Academic} {Publishers}},
  author = {Hestenes, {David} and {Sobczyk}, {Garret}},
  year = {1987},
  annote = {Note that, in this book, "The Geometric Algebra" refers to a sort of universal algebra of infinite dimension, and any particular geometric algebra is regarded as a sub-algebra of this larger one.  The particular algebras are distinguished by the choice of a pseudoscalar, which incorporates all vectors within that particular algebra.
Certainly, this is a sensible approach, but I don't think they made it clear.  And it certainly could be confusing to anyone who approaches the book having already seen GA in other contexts (where it is almost always defined more constructively).
In particular, I think this book would make a very poor introduction to the subject, though it certainly has many good points.}
}

@book{Hestenes2002,
  address = {Boston, {MA}},
  edition = {Second},
  title = {New foundations for classical mechanics},
  publisher = {Kluwer {Academic} {Publishers}},
  author = {Hestenes, {David}},
  year = {2002}
}

@book{Carroll2007,
  edition = {2. ed.},
  title = {An introduction to modern astrophysics},
  isbn = {9780805304},
  publisher = {Pearson, {Addison}-{Wesley}},
  author = {Carroll, {Bradley} {W}. and {Ostlie}, {Dale} {A}.},
  year = {2007}
}

@book{Duistermaat2000,
  title = {Lie groups},
  isbn = {9783540152},
  publisher = {Springer},
  author = {Duistermaat, {Johannes} {J}. and {Kolk}, {Johan} {A}. {C}.},
  year = {2000}
}

@book{Penrose1987,
  title = {Spinors and {Space}-{Time} {Vol}. 1: {Two}-{Spinor} {Calculus} and {Relativistic} {Fields}},
  volume = {1},
  isbn = {9780521337076},
  shorttitle = {Spinors and {Space}-{Time}},
  publisher = {Cambridge {University} {Press}},
  author = {Penrose, {Roger} and {Rindler}, {Wolfgang}},
  month = feb,
  year = {1987}
}

@book{Penrose1986,
  title = {Spinors and {Space}-time {Vol}. 2: {Spinor} and twistor methods in space-time geometry},
  volume = {2},
  isbn = {9780521347860},
  shorttitle = {Spinors and {Space}-time},
  publisher = {Cambridge {University} {Press}},
  author = {Penrose, {Roger} and {Rindler}, {Wolfgang}},
  year = {1986}
}

@book{Chandrasekhar1998,
  title = {The {Mathematical} {Theory} of {Black} {Holes}},
  isbn = {9780198503705},
  publisher = {Oxford {University} {Press}},
  author = {Chandrasekhar, {Subrahmanyan}},
  month = jan,
  year = {1998}
}

@book{Griffiths2012,
  title = {Introduction to {Electrodynamics}},
  isbn = {9780321856562},
  publisher = {Pearson {Education}, {Limited}},
  author = {Griffiths, {David} {J}.},
  month = sep,
  year = {2012}
}

@book{Feynman1970,
  title = {The {Feynman} {Lectures} on {Physics}},
  isbn = {0201021153},
  publisher = {Addison {Wesley} {Longman}},
  author = {Feynman, {Richard} {Phillips}},
  month = jan,
  year = {1970}
}

@book{Courant1989,
  edition = {Volume 1 edition},
  title = {Methods of {Mathematical} {Physics}, {Vol}. 1},
  isbn = {0471504475},
  publisher = {Wiley-{VCH}},
  author = {Courant, {Richard} and {Hilbert}, {D}.},
  month = jan,
  year = {1989}
}

@book{Cohen-Tannoudji1991,
  address = {New {York}},
  edition = {1st edition},
  title = {Quantum {Mechanics}},
  isbn = {9780471164333},
  publisher = {Wiley},
  author = {Cohen-{Tannoudji}, {Claude} and {Diu}, {Bernard} and {Laloe}, {Frank}},
  month = jan,
  year = {1991}
}

@book{Heusler1996,
  address = {Cambridge, {UK}},
  title = {Black {Hole} {Uniqueness} {Theorems}},
  url = {http://www.cambridge.org/us/academic/subjects/physics/cosmology-relativity-and-gravitation/black-hole-uniqueness-theorems},
  urldate = {2015-04-16},
  publisher = {Cambridge {University} {Press}},
  author = {Heusler, {Markus}},
  year = {1996}
}

@comment{jabref-meta: groupsversion:3;}
@comment{jabref-meta: groupstree:
0 AllEntriesGroup:;
1 ExplicitGroup:Math\;0\;Lang2002\;Conway1978\;Nevanlinna1969\;Hatcher
2001\;Bott1995\;Procesi2007\;;
1 ExplicitGroup:Mine\;0\;;
2 ExplicitGroup:Physics\;0\;Abramowitz1972\;Doran2010\;Frankel2004\;Mi
sner1973\;Szekeres2006\;Ortin2004\;Weinberg1999\;Hawking1976\;Riesz199
0\;Rotman1988\;Munkres2000\;Epstein2009\;Schutz1986\;Morita2001\;Guill
emin1974\;Dummit1999\;Scott1987\;Peacock2007\;Wald1994\;Goldstein2002\
;Arnold1989\;Hamermesh1989\;Kane1993\;Zwiebach2007\;Press2007\;Shankar
1994\;Sakurai1993\;Vassiliev2001\;Wald1984\;Behnke1974\;Behnke1974a\;B
ehnke1974b\;Abramowitz1964\;Byron1992\;Schwartz1989\;Gonick1991\;Penro
se2005\;Griffiths2008\;Wigner1993\;;
2 ExplicitGroup:Other\;0\;DavidAllen2001\;DouglasJ.MasonwithBrendaMaso
n2010\;JulieA.Bjelland2010\;;
1 ExplicitGroup:Physics\;0\;Abramowitz1972\;Doran2010\;Frankel2004\;Mi
sner1973\;Szekeres2006\;Ortin2004\;Weinberg1999\;Hawking1976\;Riesz199
0\;Rotman1988\;Munkres2000\;Epstein2009\;Schutz1986\;Morita2001\;Guill
emin1974\;Dummit1999\;Scott1987\;Peacock2007\;Wald1994\;Goldstein2002\
;Arnold1989\;Hamermesh1989\;Kane1993\;Zwiebach2007\;Press2007\;Shankar
1994\;Sakurai1993\;Vassiliev2001\;Wald1984\;Behnke1974\;Behnke1974a\;B
ehnke1974b\;Abramowitz1964\;Byron1992\;Schwartz1989\;Gonick1991\;Penro
se2005\;Griffiths2008\;Wigner1993\;;
1 ExplicitGroup:Other\;0\;DavidAllen2001\;DouglasJ.MasonwithBrendaMaso
n2010\;JulieA.Bjelland2010\;;
1 ExplicitGroup:Not Mine\;0\;Hestenes1987\;Hestenes2002\;Carroll2007\;
Duistermaat2000\;Press2007\;Penrose1987\;Jackson1998\;Penrose1986\;Cha
ndrasekhar1998\;Griffiths2012\;Feynman1970\;Courant1989\;Cohen-Tannoud
ji1991\;Heusler1996\;;
}

