@STRING{aamath = "Acta\ Appl.\ Math." }
@STRING{aphpol = "Acta\ Phys.\ Pol." }
@STRING{aphpolb = "Acta\ Phys.\ Pol.\ B" }
@STRING{intjtheorphys="Int.\ J.\ Theor.\ Phys" }
@STRING{jmanapp = "J.\ Math.\ Anal.\ Appl." }
@STRING{jphysamathgen="J.\ Phys.\ A: Math. Gen." }
@STRING{livrevrel="Living Rev. Relativity" }
@STRING{mnras = "Mon.\ Not.\ Roy.\ Astro.\ Soc." }
@STRING{procrsa = "Proc.\ Roy.\ Soc.\ A" }


@Article{LVC:2010,
  author =       {{The LIGO Scientific Collaboration and the Virgo
                  Collaboration}},
  title =        {Predictions for the rates of compact binary
                  coalescences observable by ground-based
                  gravitational-wave detectors},
  volume =       27,
  issn =         {0264-9381},
  url =          {http://iopscience.iop.org/0264-9381/27/17/173001},
  doi =          {10.1088/0264-9381/27/17/173001},
  number =       17,
  journal =      cqg,
  month =        sep,
  year =         2010,
  pages =        173001,
}

@Article{brownetal:2012,
  title =        {Nonspinning searches for spinning black hole-neutron
                  star binaries in ground-based detector data:
                  {A}mplitude and mismatch predictions in the constant
                  precession cone approximation},
  volume =       86,
  shorttitle =   {Nonspinning searches for spinning black hole-neutron
                  star binaries in ground-based detector data},
  url =          {http://link.aps.org/doi/10.1103/PhysRevD.86.064020},
  doi =          {10.1103/PhysRevD.86.064020},
  number =       6,
  urldate =      {2013-02-04},
  journal =      prd,
  author =       {Brown, Duncan A. and Lundgren, Andrew and
                  {O}'{S}haughnessy, R.},
  month =        sep,
  year =         2012,
  pages =        064020,
  category =     da
}

@Article{brownetal:2012b,
  title =        {Detecting binary neutron star systems with spin in
                  advanced gravitational-wave detectors},
  volume =       86,
  url =          {http://link.aps.org/doi/10.1103/PhysRevD.86.084017},
  doi =          {10.1103/PhysRevD.86.084017},
  number =       8,
  urldate =      {2012-10-16},
  journal =      prd,
  author =       {Brown, Duncan A. and Harry, Ian and Lundgren, Andrew
                  and Nitz, Alexander H.},
  month =        oct,
  year =         2012,
  pages =        084017,
  category =     da
}

@Unpublished{brownsathyaprakash:2010,
  author =       {Duncan Brown and B. S. Sathyaprakash},
  title =        {Accuracy standards required for {NR} waveforms for
                  use in gravitational-wave data analysis},
  note =         {Presented to members of the NR--AR collaboration
                  during the teleconference of Feb.~10, 2010},
  year =         2010,
  url =
                  {https://www.ninja-project.org/lib/exe/fetch.php?media=nrar:internal:telecon:nr-accuracy-specification.pdf},
  category =     da
}

@InProceedings{chassande-mottinandflandrin:1998,
  title =        {On the stationary-phase approximation of chirp
                  spectra},
  doi =          {10.1109/TFSA.1998.721375},
  booktitle =    {Time-Frequency and Time-Scale Analysis,
                  1998. Proceedings of the {IEEE-SP} International
                  Symposium on},
  author =       {E. {Chassande-Mottin} and P. Flandrin},
  month =        oct,
  year =         1998,
  url =
                  {http://ieeexplore.ieee.org/lpdocs/epic03/wrapper.htm?arnumber=721375},
  pages =        {117 --120},
  category =     da
}

@Article{drozetal:1999,
  title =        {Gravitational waves from inspiraling compact
                  binaries: {V}alidity of the stationary-phase
                  approximation to the {F}ourier transform},
  volume =       59,
  shorttitle =   {Gravitational waves from inspiraling compact
                  binaries},
  url =          {http://link.aps.org/doi/10.1103/PhysRevD.59.124016},
  doi =          {10.1103/PhysRevD.59.124016},
  number =       12,
  journal =      prd,
  author =       {Serge Droz and Daniel J. Knapp and Eric Poisson and
                  Benjamin J. Owen},
  month =        may,
  year =         1999,
  pages =        124016,
  category =     da
}

@Article{finn:1992,
  title =        {Detection, measurement, and gravitational radiation},
  volume =       46,
  url =          {http://link.aps.org/doi/10.1103/PhysRevD.46.5236},
  doi =          {10.1103/PhysRevD.46.5236},
  number =       12,
  journal =      prd,
  author =       {Lee S. Finn},
  month =        dec,
  year =         1992,
  pages =        5236,
  category =     da
}

@Article{finnchernoff:1993,
  title =        {Observing binary inspiral in gravitational
                  radiation: {O}ne interferometer},
  volume =       47,
  shorttitle =   {Observing binary inspiral in gravitational
                  radiation},
  url =          {http://link.aps.org/doi/10.1103/PhysRevD.47.2198},
  doi =          {10.1103/PhysRevD.47.2198},
  number =       6,
  journal =      prd,
  author =       {Finn, Lee Samuel and Chernoff, David F.},
  month =        mar,
  year =         1993,
  pages =        2198,
  category =     da
}

@TechReport{flaminioetal:2005,
  title =        {Advanced {Virgo} White Paper {VIR-NOT-DIR-1390-304}},
  institution =  {Virgo collaboration},
  url =          {https://tds.ego-gw.it/ql/?c=1544},
  author =       {R. Flaminio and A. Freise and A. Gennai and P. Hello
                  and P. La Penna and G. Losurdo and H. Lueck and
                  N. Man and A.  Masserot and B. Mours and M. Punturo
                  and A. Spallicci and A. Vicer\'e},
  month =        nov,
  year =         2005,
  category =     da
}

@Article{harryetal:2010,
  title =        {Advanced {LIGO}: {T}he next generation of
                  gravitational-wave detectors},
  volume =       27,
  issn =         {0264-9381},
  shorttitle =   {Advanced {LIGO}},
  url =          {http://iopscience.iop.org/0264-9381/27/8/084006},
  doi =          {10.1088/0264-9381/27/8/084006},
  language =     {en},
  number =       8,
  urldate =      {2014-07-21},
  journal =      cqg,
  author =       {Harry, Gregory M. and Collaboration, the LIGO
                  Scientific},
  month =        apr,
  year =         2010,
  pages =        084006,
}

@Article{kagra:2012,
  title =        {Detector configuration of {KAGRA}---the {J}apanese
                  cryogenic gravitational-wave detector},
  volume =       29,
  url =          {http://iopscience.iop.org/0264-9381/29/12/124007},
  doi =          {10.1088/0264-9381/29/12/124007},
  number =       12,
  urldate =      {2013-02-06},
  journal =      cqg,
  author =       {{Kentaro Somiya for the KAGRA collaboration}},
  month =        jun,
  year =         2012,
  pages =        124007,
  category =     da
}

@Article{ligo:2009,
  title =        {{LIGO}: {T}he {L}aser {I}nterferometer
                  {G}ravitational-Wave {O}bservatory},
  author =       {{The LIGO Scientific Collaboration}},
  volume =       72,
  shorttitle =   {{LIGO}},
  url =          {http://iopscience.iop.org/0034-4885/72/7/076901},
  doi =          {10.1088/0034-4885/72/7/076901},
  number =       7,
  urldate =      {2013-02-06},
  journal =      {Repts. Prog. Phys.},
  month =        jul,
  year =         2009,
  pages =        076901,
  category =     da
}

@Article{ligo:2010,
  title =        {Predictions for the rates of compact binary
                  coalescences observable by ground-based
                  gravitational-wave detectors},
  author =       {{LIGO Scientific Collaboration} and {Virgo
                  Collaboration}},
  journal =      cqg,
  volume =       27,
  number =       17,
  pages =        173001,
  url =          {http://stacks.iop.org/0264-9381/27/i=17/a=173001},
  year =         2010,
  doi =          {doi:10.1088/0264-9381/27/17/173001},
  category =     da
}

@Article{owen:1996,
  title =        {Search templates for gravitational waves from
                  inspiraling binaries: {C}hoice of template spacing},
  volume =       53,
  shorttitle =   {Search templates for gravitational waves from
                  inspiraling binaries},
  url =          {http://link.aps.org/doi/10.1103/PhysRevD.53.6749},
  doi =          {10.1103/PhysRevD.53.6749},
  number =       12,
  journal =      prd,
  author =       {Benjamin J. Owen},
  month =        jun,
  year =         1996,
  pages =        6749,
  category =     da
}

@PhDThesis{owen:2007,
  title =        {Topics in numerical relativity: {T}he periodic
                  standing-wave approximation, the stability of
                  constraints in free evolution, and the spin of
                  dynamical black holes},
  shorttitle =   {Topics in numerical relativity},
  url =
                  {http://etd.caltech.edu/etd/available/etd-05252007-143511/},
  urldate =      {2009-11-16},
  school =       {California Institute of Technology},
  author =       {Owen, Robert},
  month =        may,
  year =         2007,
  category =     da
}

@Article{pekowskyetal:2013a,
  title =        {Impact of higher-order modes on the detection of
                  binary black hole coalescences},
  volume =       87,
  url =          {http://link.aps.org/doi/10.1103/PhysRevD.87.084008},
  doi =          {10.1103/PhysRevD.87.084008},
  number =       8,
  urldate =      {2014-08-09},
  journal =      prd,
  author =       {Pekowsky, Larne and Healy, James and Shoemaker,
                  Deirdre and Laguna, Pablo},
  month =        apr,
  year =         2013,
  pages =        084008
}

@Article{sathyaprakashdhurandhar:1991,
  title =        {Choice of filters for the detection of gravitational
                  waves from coalescing binaries},
  volume =       44,
  url =          {http://link.aps.org/doi/10.1103/PhysRevD.44.3819},
  doi =          {10.1103/PhysRevD.44.3819},
  number =       12,
  journal =      prd,
  author =       {B. S. Sathyaprakash and S. V. Dhurandhar},
  month =        dec,
  year =         1991,
  pages =        3819,
  category =     da
}

@TechReport{shoemaker:2010,
  title =        {{LIGO-T0900288-v3}: {A}dvanced {LIGO} anticipated
                  sensitivity curves},
  institution =  {LIGO},
  url =
                  {https://dcc.ligo.org/cgi-bin/DocDB/ShowDocument?docid=2974},
  author =       {David Shoemaker},
  month =        jan,
  year =         2010,
  category =     da
}

@Article{virgo:2012,
  title =        {Virgo: {A} laser interferometer to detect
                  gravitational waves},
  author =       {{The Virgo Collaboration}},
  volume =       7,
  shorttitle =   {Virgo},
  url =          {http://iopscience.iop.org/1748-0221/7/03/P03012},
  doi =          {10.1088/1748-0221/7/03/P03012},
  number =       03,
  urldate =      {2013-02-06},
  journal =      {J. Instr.},
  month =        mar,
  year =         2012,
  pages =        {P03012--P03012},
  category =     da
}

@Misc{waldmanetal:2011,
  author =       {{S. J. Waldman for the LIGO Scientific Collaboration
                  and the Virgo Collaboration}},
  title =        {The Advanced {LIGO} Gravitational Wave Detector},
  eprint =       {1103.2728},
  archiveprefix ={arXiv},
  primaryclass = {gr-qc},
  month =        mar,
  year =         2011,
  category =     da
}
