@STRING{aamath = "Acta\ Appl.\ Math." }
@STRING{aphpol = "Acta\ Phys.\ Pol." }
@STRING{aphpolb = "Acta\ Phys.\ Pol.\ B" }
@STRING{intjtheorphys="Int.\ J.\ Theor.\ Phys" }
@STRING{jmanapp = "J.\ Math.\ Anal.\ Appl." }
@STRING{jphysamathgen="J.\ Phys.\ A: Math. Gen." }
@STRING{livrevrel="Living Rev. Relativity" }
@STRING{mnras = "Mon.\ Not.\ Roy.\ Astro.\ Soc." }
@STRING{procrsa = "Proc.\ Roy.\ Soc.\ A" }

@Book{abramowitzandstegun:1964,
  title =        {Handbook of Mathematical Functions: {W}ith Formulas,
                  Graphs, and Mathematical Tables},
  isbn =         9780486612720,
  shorttitle =   {Handbook of Mathematical Functions},
  publisher =    {Courier Dover Publications},
  author =       {Abramowitz, Milton and Stegun, Irene A.},
  address =      {Mineola, NY},
  year =         1964,
  category =     general
}

@Book{blandfordthorne:2004,
  author =       {Roger D. Blandford and Kip S. Thorne},
  title =        {Applications of Classical Physics},
  publisher =    {California Institute of Technology},
  year =         2004,
  annote =       {Not yet published; web version.},
  category =     general
}

@Misc{cplusplus,
  title =        {The {C}++ Programming Language},
  url =          {http://www.stroustrup.com/C++.html},
  year =         2012,
  category =     general
}

@Article{dagumandmenon:1998,
  author =       {Dagum, L. and Menon, R.},
  journal =      {Computational Science and Engineering, {IEEE}},
  title =        {{OpenMP}: {A}n industry-standard {API} for
                  shared-memory programming},
  year =         1998,
  month =        mar,
  volume =       5,
  number =       1,
  pages =        {46--55},
  doi =          {10.1109/99.660313},
  issn =         {1070-9924},
  url =
                  {http://ieeexplore.ieee.org/xpls/abs_all.jsp?arnumber=660313},
  category =     general
}

@Book{frankel:2004,
  edition =      {second},
  title =        {The geometry of physics: {A}n introduction},
  isbn =         9780521539272,
  shorttitle =   {The geometry of physics},
  publisher =    {Cambridge Univ. Press},
  author =       {Frankel, Theodore},
  address =      {New York},
  year =         2004
}

@Manual{gsl:2009,
  title =        {{GNU} {S}cientific {L}ibrary Reference Manual},
  author =       {M. Galassi},
  edition =      {third},
  year =         2009,
  url =          {http://www.gnu.org/software/gsl/},
  category =     general
}

@Book{goldsteinetal:2001,
  author =       {Herbert Goldstein and Charles P. Poole and John
                  L. Safko},
  title =        {Classical Mechanics},
  publisher =    {Addison Wesley},
  year =         2001,
  address =      {Reading, MA},
  edition =      {third},
  category =     general
}

@Article{ipython:2007,
  author =       {P\'erez, Fernando and Granger, Brian E.},
  title =        {{IP}ython: a {S}ystem for {I}nteractive {S}cientific
                  {C}omputing},
  journal =      {{C}omput. {S}ci. {E}ng.},
  volume =       9,
  number =       3,
  pages =        {21--29},
  month =        may,
  year =         2007,
  url =          {http://ipython.org/},
  category =     general
}

@TechReport{iso80000-2:2009,
  author =       {{ISO Technical Committee 12}},
  title =        {Quantities and Units: Mathematical signs and symbols
                  to be used in the natural sciences and technology},
  institution =  {International Organization for Standardization},
  year =         2009,
  number =       {80000-2},
  url =
                  {http://www.iso.org/iso/catalogue_detail?csnumber=31887},
  category =     general
}

@TechReport{iupapredbook:1987,
  author =       {E. Richard Cohen and Pierre Giacomo},
  title =        {Symbols, Units, Nomenclature and Fundamental
                  Constants in Physics},
  institution =  {International Union of Pure and Applied Physics},
  year =         1987,
  url =
                  {http://metrology.wordpress.com/measurement-process-index/iupap-red-book/},
  category =     general
}

@Article{iupapredbooksymbols:1987,
  author =       {E. Richard Cohen and Pierre Giacomo},
  title =        {Recommended mathematical symbols},
  journal =      {Physica {A}},
  volume =       146,
  number =       1,
  pages =        {47--51},
  year =         1987,
  doi =          {10.1016/0378-4371(87)90220-2},
  url =
                  {http://www.sciencedirect.com/science/article/pii/0378437187902202},
  category =     general
}

@Book{mtw,
  note =         {23rd printing.},
  title =        {Gravitation},
  isbn =         9780716703440,
  publisher =    {W. H. Freeman},
  author =       {Misner, Charles W. and Thorne, Kip S. and Wheeler,
                  John Archibald},
  address =      {San Francisco},
  year =         1973,
  category =     general
}

@Misc{mathematica8,
  author =       {{Wolfram Software, Inc.}},
  title =        {Mathematica, {V}ersion 8.0},
  address =      {Champaign, IL},
  year =         2010,
  url =          {http://www.wolfram.com/mathematica/},
  category =     general
}

@Book{pressetal:2007,
  author =       {William H. Press and Saul A. Teukolsky and William
                  T.  Vetterling and Brian P. Flannery},
  title =        {Numerical Recipes: {T}he Art of Scientific
                  Computing},
  publisher =    {Cambridge University Press},
  edition =      {Third},
  year =         2007,
  category =     general
}

@Misc{python,
  title =        {Python Programming Language},
  url =          {http://www.python.org/},
  year =         2012,
  category =     general
}

@Book{sakurai:1993,
  author =       {J. J. Sakurai},
  edition =      {Second},
  isbn =         0201539292,
  month =        sep,
  publisher =    {Addison Wesley},
  title =        {Modern Quantum Mechanics},
  url =          {http://www.worldcat.org/isbn/0201539292},
  year =         1993,
  category =     general
}

@Book{schutz:1986,
  title =        {A first course in general relativity},
  isbn =         9780521277,
  publisher =    {Cambridge University Press},
  address =      {New York, NY},
  author =       {Schutz, Bernard F.},
  year =         1986,
  category =     general
}

@Manual{sympy:2014,
  title =        {{SymPy}: {P}ython library for symbolic mathematics},
  author =       {{SymPy Development Team}},
  year =         2014,
  url =          {http://www.sympy.org},
}

@Book{szekeres:2006,
  author =       {Peter Szekeres},
  title =        {A course in modern mathematical physics: {G}roups,
                  {H}ilbert space, and differential geometry},
  publisher =    {Cambridge University Press},
  year =         2006,
  category =     general
}

@Book{wald:1984,
  author =       {Robert M. Wald},
  title =        {General Relativity},
  publisher =    {University of Chicago Press},
  year =         1984,
  isbn =         {0-226-87033-2},
  category =     general
}

@Book{wigner:1959,
  author =       {Eugene P. Wigner},
  title =        {Group Theory and Its Applications to the Quantum
                  Mechanics of Atomic Spectra},
  publisher =    {Academic Press},
  year =         1959,
  address =      {New York, NY},
  annote =       {Translated by J.~J.~Griffin},
  category =     general
}
