@STRING{aamath = "Acta\ Appl.\ Math." }
@STRING{aphpol = "Acta\ Phys.\ Pol." }
@STRING{aphpolb = "Acta\ Phys.\ Pol.\ B" }
@STRING{intjtheorphys="Int.\ J.\ Theor.\ Phys" }
@STRING{jmanapp = "J.\ Math.\ Anal.\ Appl." }
@STRING{jphysamathgen="J.\ Phys.\ A: Math. Gen." }
@STRING{livrevrel="Living Rev. Relativity" }
@STRING{mnras = "Mon.\ Not.\ Roy.\ Astro.\ Soc." }
@STRING{procrsa = "Proc.\ Roy.\ Soc.\ A" }

@Book{baylis:1996,
  address =      {Boston, {MA}},
  title =        {Clifford ({G}eometric) Algebras: {W}ith Applications
                  in Physics, Mathematics, and Engineering},
  isbn =         9780817638689,
  shorttitle =   {Clifford ({G}eometric) Algebras},
  publisher =    {Springer},
  editor =       {Baylis, William E.},
  month =        aug,
  year =         1996,
}

@Incollection{brown:2011,
  title =        {Grassmann, geometry and mechanics},
  isbn =         {978-3-0346-0404-8, 978-3-0346-0405-5},
  url =
                  {http://link.springer.com/chapter/10.1007/978-3-0346-0405-5_23},
  booktitle =    {From Past to Future: Gra{\ss}mann's Work in Context},
  publisher =    {Springer Basel},
  author =       {Brown, John},
  editor =       {Petsche, Hans-Joachim and Lewis, Albert C. and
                  Liesen, J{\"o}rg and Russ, Steve},
  month =        jan,
  year =         2011,
  pages =        {287--302},
}

@Book{chevalley:1997,
  address =      {New York},
  title =        {Algebraic Theory of Spinors and {C}lifford Algebras:
                  {C}ollected Works of {C}laude {C}hevalley},
  volume =       2,
  isbn =         3540570632,
  shorttitle =   {Algebraic Theory of Spinors and {C}lifford Algebras},
  publisher =    {Springer},
  author =       {Chevalley, Claude},
  year =         1997,
  category =     ga
}

@Book{doranlasenby:2003,
  edition =      "third",
  title =        {Geometric algebra for physicists},
  isbn =         9780521480222,
  publisher =    {Cambridge University Press},
  author =       {Doran, Chris and Lasenby, Anthony},
  year =         2003,
  category =     ga
}

@Book{duistermaatkolk:1999,
  author =       {Johannes J.\ Duistermaat and John A.\ C.\ Kolk},
  title =        {Lie Groups},
  publisher =    {Springer-Verlag},
  year =         1999,
  address =      {New York, NY},
  category =     ga
}

@InBook{feynman:1970,
  title =        {The {F}eynman Lectures on Physics},
  chapter =      52,
  volume =       1,
  isbn =         0201021153,
  publisher =    {Addison Wesley Longman},
  address =      {New York},
  author =       {Feynman, Richard Phillips},
  month =        jan,
  year =         1970,
  category =     ga
}

@Article{franciskosowsky:2004,
  title =        {Geometric algebra techniques for general relativity},
  volume =       311,
  url =
                  {http://www.sciencedirect.com/science/article/pii/S0003491604000053},
  doi =          {10.1016/j.aop.2003.12.009},
  number =       2,
  journal =      ap,
  author =       {Francis, Matthew R. and Kosowsky, Arthur},
  month =        jun,
  year =         2004,
  pages =        {459--502},
  category =     ga
}

@Article{franciskosowsky:2005,
  title =        {The construction of spinors in geometric algebra},
  volume =       317,
  url =
                  {http://www.sciencedirect.com/science/article/pii/S0003491604002209},
  doi =          {10.1016/j.aop.2004.11.008},
  number =       2,
  urldate =      {2013-03-03},
  journal =      ap,
  author =       {Francis, Matthew R. and Kosowsky, Arthur},
  month =        jun,
  year =         2005,
  pages =        {383--409},
  category =     ga
}

@Article{gentilistoppato:2012,
  year =         2012,
  issn =         {0025-5831},
  journal =      {Mathematische Annalen},
  volume =       352,
  issue =        1,
  doi =          {10.1007/s00208-010-0631-2},
  title =        {Power series and analyticity over the quaternions},
  url =          {http://dx.doi.org/10.1007/s00208-010-0631-2},
  publisher =    {Springer-Verlag},
  author =       {Gentili, Graziano and Stoppato, Caterina},
  pages =        {113--131},
  category =     ga
}

@Article{grassia:1998,
  author =       {Grassia, F. Sebastian},
  title =        {Practical Parameterization of Rotations Using the
                  Exponential Map},
  journal =      {Journal of Graphics Tools},
  volume =       3,
  number =       3,
  pages =        {29--48},
  year =         1998,
  doi =          {10.1080/10867651.1998.10487493},
  url =
                  {http://www.tandfonline.com/doi/abs/10.1080/10867651.1998.10487493},
  category =     ga
}

@Article{hestenes:1967a,
  title =        {Real Spinor Fields},
  volume =       8,
  issn =         {0022-2488, 1089-7658},
  url =
                  {http://scitation.aip.org/content/aip/journal/jmp/8/4/10.1063/1.1705279},
  doi =          {10.1063/1.1705279},
  number =       4,
  urldate =      {2014-01-03},
  journal =      jmp,
  author =       {Hestenes, David},
  year =         1967,
  keywords =     {Dirac equation, Vector currents},
  pages =        {798--808},
  category =     ga
}

@Article{hestenes:1967b,
  title =        {Spin and Isospin},
  volume =       8,
  issn =         {0022-2488, 1089-7658},
  url =
                  {http://scitation.aip.org/content/aip/journal/jmp/8/4/10.1063/1.1705280},
  doi =          {10.1063/1.1705280},
  number =       4,
  urldate =      {2014-01-03},
  journal =      jmp,
  author =       {Hestenes, David},
  year =         1967,
  pages =        {809--812},
  category =     ga
}

@Article{hestenes:1968,
  title =        {Multivector calculus},
  volume =       24,
  url =
                  {http://ckw.phys.ncku.edu.tw/public/pub/Notes/Mathematics/Geometry/Hestenes/CAtoGA/MultCalc.pdf},
  number =       2,
  urldate =      {2013-05-11},
  journal =      jmanapp,
  author =       {Hestenes, David},
  year =         1968,
  pages =        {313–325},
  category =     ga
}

@Article{hestenes:1968a,
  title =        {Multivector functions},
  volume =       24,
  number =       3,
  journal =      jmanapp,
  author =       {Hestenes, David},
  year =         1968,
  pages =        {467–--473},
  category =     ga
}

@Article{hestenes:1974,
  title =        {Proper dynamics of a rigid point particle},
  volume =       15,
  issn =         00222488,
  url =
                  {http://jmp.aip.org/resource/1/jmapaq/v15/i10/p1778_s1},
  doi =          {doi:10.1063/1.1666541},
  number =       10,
  urldate =      {2012-06-26},
  journal =      jmp,
  author =       {Hestenes, David},
  month =        oct,
  year =         1974,
  pages =        {1778--1786},
  category =     ga
}

@Article{hestenes:1974a,
  title =        {Proper particle mechanics},
  volume =       15,
  issn =         00222488,
  url =
                  {http://jmp.aip.org/resource/1/jmapaq/v15/i10/p1768_s1},
  doi =          {doi:10.1063/1.1666540},
  number =       10,
  urldate =      {2012-06-26},
  journal =      jmp,
  author =       {Hestenes, David},
  month =        oct,
  year =         1974,
  pages =        {1768--1777},
  category =     ga
}

@InCollection{hestenes:1986a,
  series =       {{NATO} {ASI} Series},
  title =        {Clifford Algebra and the Interpretation of Quantum
                  Mechanics},
  url =
                  {http://link.springer.com/chapter/10.1007/978-94-009-4728-3_27},
  number =       183,
  urldate =      {2014-01-03},
  booktitle =    {Clifford Algebras and Their Applications in
                  Mathematical Physics},
  publisher =    {Springer Netherlands},
  author =       {Hestenes, David},
  editor =       {Chisholm, J. S. R. and Common, A. K.},
  month =        jan,
  year =         1986,
  pages =        {321--346},
  category =     ga
}

@InCollection{hestenes:1986b,
  title =        {A unified language for mathematics and physics},
  url =
                  {http://link.springer.com/chapter/10.1007/978-94-009-4728-3_1},
  urldate =      {2013-05-11},
  booktitle =    {Clifford Algebras and their Applications in
                  Mathematical Physics},
  publisher =    {Springer},
  author =       {Hestenes, David},
  year =         1986,
  pages =        {1--23},
  category =     ga
}

@Article{hestenes:1986c,
  title =        {Spinor Approach to Gravitational Motion and
                  Precession},
  volume =       25,
  number =       6,
  journal =      intjtheorphys,
  author =       {Hestenes, David},
  year =         1986,
  url =
                  {http://link.springer.com/article/10.1007%2FBF00670473},
  pages =        {589--598},
  category =     ga
}

@Article{hestenes:1988,
  title =        {Universal geometric algebra},
  volume =       62,
  url =
                  {"http://www.lomont.org/Math/GeometricAlgebra/Universal%20Geometric%20Algebra%20-%20Hestenes%20-%201988.pdf"},
  urldate =      {2013-05-11},
  journal =      {Q. J. Pure and Appl. Math.},
  author =       {Hestenes, David},
  year =         1988,
  pages =        {253--274},
  category =     ga
}

@Article{hestenes:1991,
  title =        {The Design of Linear Algebra and Geometry},
  volume =       23,
  journal =      aamath,
  author =       {Hestenes, David},
  year =         1991,
  pages =        {65--93},
  category =     ga
}

@Article{hestenes:1991a,
  title =        {Projective geometry with Clifford algebra},
  volume =       23,
  url =          {http://link.springer.com/article/10.1007/BF00046919},
  number =       1,
  urldate =      {2013-05-11},
  journal =      aamath,
  author =       {Hestenes, David and Ziegler, Renatus},
  year =         1991,
  pages =        {25--63},
  category =     ga
}

@InCollection{hestenes:1993,
  address =      {Boston},
  title =        {Differential forms in geometric calculus},
  url =
                  {http://link.springer.com/chapter/10.1007/978-94-011-2006-7_31},
  urldate =      {2013-05-11},
  booktitle =    {Clifford algebras and their applications in
                  mathematical physics},
  publisher =    {Springer},
  author =       {Hestenes, David},
  year =         1993,
  pages =        {269--285},
  category =     ga
}

@InCollection{hestenes:1993a,
  address =      {Boston},
  title =        {Hamiltonian Mechanics with Geometric Calculus},
  booktitle =    {Spinors, Twistors, {C}lifford Algebras and Quantum
                  Deformations},
  publisher =    {Kluwer Academic Publishers},
  author =       {Hestenes, David},
  year =         1993,
  pages =        {203--214},
  category =     ga
}

@Unpublished{hestenes:1996,
  title =        {Spacetime calculus for gravitation theory},
  url =          {http://geocalc.clas.asu.edu/pdf/NEW_GRAVITY.pdf},
  urldate =      {2013-05-10},
  author =       {Hestenes, David},
  category =     ga
}

@Unpublished{hestenes:1998,
  title =        {New foundations for mathematical physics},
  author =       {Hestenes, David},
  url =          {http://geocalc.clas.asu.edu/html/NFMP.html},
  year =         2008,
  note =         {"First two chapters of an unfinished book."},
  category =     ga
}

@InBook{hestenes:2001,
  author =       {David Hestenes},
  editor =       {Eduardo Bayro-Corrochano and Sobczyk, Garret},
  title =        {Old Wine in New Bottles: {A} new algebraic framework
                  for computational geometry},
  chapter =      1,
  publisher =    {Birkhauser},
  year =         2001,
  pages =        {1--14},
  category =     ga
}

@Book{hestenes:2002,
  address =      {Boston, {MA}},
  edition =      {Second},
  title =        {New foundations for classical mechanics},
  publisher =    {Kluwer Academic Publishers},
  author =       {Hestenes, David},
  year =         2002,
  category =     ga
}

@InCollection{hestenes:2002a,
  title =        {Point groups and space groups in geometric algebra},
  url =
                  {http://link.springer.com/chapter/10.1007/978-1-4612-0089-5_1},
  urldate =      {2013-12-16},
  booktitle =    {Applications of Geometric Algebra in Computer
                  Science and Engineering},
  publisher =    {Springer},
  author =       {Hestenes, David},
  year =         2002,
  pages =        {3--34},
  category =     ga
}

@Article{hestenes:2003,
  title =        {Oersted Medal Lecture 2002: {R}eforming the
                  mathematical language of physics},
  volume =       71,
  issn =         00029505,
  shorttitle =   {Oersted Medal Lecture 2002},
  url =
                  {http://link.aip.org/link/AJPIAS/v71/i2/p104/s1&Agg=doi},
  doi =          {10.1119/1.1522700},
  urldate =      {2011-10-29},
  journal =      ajp,
  author =       {Hestenes, David},
  year =         2003,
  pages =        104,
  category =     ga
}

@Article{hestenes:2003a,
  title =        {Spacetime physics with geometric algebra},
  volume =       71,
  issn =         00029505,
  url =
                  {http://link.aip.org/link/AJPIAS/v71/i7/p691/s1&Agg=doi},
  doi =          {10.1119/1.1571836},
  urldate =      {2011-10-29},
  journal =      ajp,
  author =       {Hestenes, David},
  year =         2003,
  pages =        691,
  category =     ga
}

@Article{hestenes:2005,
  title =        {Gauge Theory Gravity with Geometric Calculus},
  volume =       35,
  issn =         {0015-9018, 1572-9516},
  url =
                  {http://www.springerlink.com/content/jt63m68488j71814/},
  doi =          {10.1007/s10701-005-5828-y},
  urldate =      {2011-10-29},
  journal =      {Foundations of Physics},
  author =       {Hestenes, David},
  month =        jun,
  year =         2005,
  pages =        {903--970},
  category =     ga
}

@InCollection{hestenes:2011,
  title =        {The Shape of Differential Geometry in Geometric
                  Calculus},
  booktitle =    {Guide to Geometric Algebra in Practice},
  publisher =    {Springer Verlag},
  author =       {Hestenes, David},
  editor =       {{Leo Dorst} and Lasenby, Joan},
  year =         2011,
  pages =        {393--410},
  category =     ga
}

@InCollection{hestenes:2011a,
  title =        {The Shape of Differential Geometry in Geometric
                  Calculus},
  copyright =    {©2011 Springer-Verlag London Limited},
  isbn =         {978-0-85729-810-2, 978-0-85729-811-9},
  url =
                  {http://link.springer.com/chapter/10.1007/978-0-85729-811-9_19},
  urldate =      {2013-05-17},
  booktitle =    {Guide to Geometric Algebra in Practice},
  publisher =    {Springer London},
  author =       {Hestenes, David},
  editor =       {Dorst, Leo and Lasenby, Joan},
  month =        jan,
  year =         2011,
  pages =        {393--410},
  category =     ga
}

@Unpublished{hestenes:tutorial,
  title =        {Tutorial on Geometric Calculus},
  url =
                  {http://geocalc.clas.asu.edu/pdf/Tutorial%20on%20Geometric%20Calculus.pdf},
  urldate =      {2013-05-10},
  author =       {Hestenes, David},
  category =     ga
}

@Book{hestenessobczyk:1987,
  address =      {Norwell, {MA}},
  title =        {Clifford algebra to geometric calculus},
  publisher =    {Kluwer Academic Publishers},
  author =       {Hestenes, David and Sobczyk, Garret},
  year =         1987,
  category =     ga
}

@Article{huynh:2009,
  title =        {Metrics for 3D Rotations: {C}omparison and Analysis},
  volume =       35,
  issn =         {0924-9907, 1573-7683},
  shorttitle =   {Metrics for 3D Rotations},
  url =
                  {http://link.springer.com/article/10.1007/s10851-009-0161-2},
  doi =          {10.1007/s10851-009-0161-2},
  number =       2,
  journal =      {J. Math. Imaging Vis.},
  author =       {Huynh, Du Q.},
  month =        oct,
  year =         2009,
  pages =        {155--164},
}

@Article{kellerrodriguez:1992,
  title =        {Geometric superalgebra and the Dirac equation},
  volume =       33,
  url =
                  {http://scitation.aip.org/content/aip/journal/jmp/33/1/10.1063/1.529955},
  doi =          {10.1063/1.529955},
  number =       1,
  journal =      jmp,
  author =       {Keller, Jaime and Rodr\'iguez, Ad\'an},
  month =        jan,
  year =         1992,
  pages =        {161--170},
  category =     ga
}

@InProceedings{kimetal:1995,
  address =      {New York, {NY}, {USA}},
  series =       {{SIGGRAPH} '95},
  title =        {A general construction scheme for unit quaternion
                  curves with simple high-order derivatives},
  isbn =         {0-89791-701-4},
  url =          {http://doi.acm.org/10.1145/218380.218486},
  doi =          {10.1145/218380.218486},
  booktitle =    {Proceedings of the 22nd annual conference on
                  computer graphics and interactive techniques},
  publisher =    {{ACM}},
  author =       {Kim, {Myoung-Jun} and Kim, {Myung-Soo} and Shin,
                  Sung Yong},
  year =         1995,
  keywords =     {B-spline, B{\'{e}}zier, Hermite, orientation,
                  quaternion, rotation},
  pages =        {369--376},
  category =     ga
}

@Article{lasenbyetal:1998,
  title =        {Gravity, gauge theories and geometric algebra},
  volume =       356,
  url =
                  {http://rsta.royalsocietypublishing.org/content/356/1737/487.abstract},
  doi =          {10.1098/rsta.1998.0178},
  number =       1737,
  journal =      procrsa,
  author =       {Lasenby, A. and Doran, C. and Gull, S.},
  month =        mar,
  year =         1998,
  pages =        {487--582},
  category =     ga
}

@InCollection{lounesto:1986,
  series =       {{NATO} {ASI} Series},
  title =        {Clifford Algebras and Spinors},
  url =
                  {http://link.springer.com/chapter/10.1007/978-94-009-4728-3_2},
  number =       183,
  urldate =      {2014-01-03},
  booktitle =    {Clifford Algebras and Their Applications in
                  Mathematical Physics},
  publisher =    {Springer Netherlands},
  author =       {Lounesto, Pertti},
  editor =       {Chisholm, J. S. R. and Common, A. K.},
  month =        jan,
  year =         1986,
  pages =        {25--37},
  category =     ga
}

@InBook{lounesto:1996,
  author =       {Pertti Lounesto},
  chapter =      {Clifford algebras and spinor operators},
  address =      {Boston, {MA}},
  title =        {Clifford ({G}eometric) Algebras: {W}ith Applications
                  in Physics, Mathematics, and Engineering},
  isbn =         9780817638689,
  shorttitle =   {Clifford ({G}eometric) Algebras},
  publisher =    {Springer},
  month =        aug,
  year =         1996
}

@Book{miller:1972,
  author =       {Willard Miller},
  title =        {Symmetry Groups and Their Applications},
  publisher =    {Academic Press},
  year =         1972,
  series =       {Pure and Applied Mathematics},
  address =      {New York},
  url =          {http://www.ima.umn.edu/~miller/symmetrygroups.html},
  category =     ga
}

@Article{moakher:2002,
  title =        {Means and Averaging in the Group of Rotations},
  volume =       24,
  issn =         {0895-4798, 1095-7162},
  url =          {http://dx.doi.org/10.1137/S0895479801383877},
  doi =          {10.1137/S0895479801383877},
  language =     {en},
  number =       1,
  urldate =      {2014-03-17},
  journal =      {{SIAM} Journal on Matrix Analysis and Applications},
  author =       {Moakher, Maher},
  month =        jan,
  year =         2002,
  pages =        {1--16},
}

@Article{penrose:1960,
  title =        {A spinor approach to general relativity},
  author =       {Roger Penrose},
  journal =      ap,
  volume =       10,
  number =       2,
  pages =        {171--201},
  year =         1960,
  issn =         {0003-4916},
  doi =          {10.1016/0003-4916(60)90021-X},
  url =
                  {http://www.sciencedirect.com/science/article/B6WB1-4DDR40K-SY/2/84503f0ab2f22e744be648b59c160096},
  category =     ga
}

@Article{penrose:1967,
  title =        {Twistor Algebra},
  volume =       8,
  url =          {http://jmp.aip.org/resource/1/jmapaq/v8/i2/p345_s1},
  doi =          {doi:10.1063/1.1705200},
  number =       2,
  urldate =      {2013-03-02},
  journal =      {J. Math. Phys.},
  author =       {Penrose, Roger},
  month =        feb,
  year =         1967,
  pages =        {345--366},
  category =     ga
}

@Article{penrose:1968,
  title =        {Twistor quantisation and curved space-time},
  volume =       1,
  issn =         {0020-7748, 1572-9575},
  url =          {http://link.springer.com/article/10.1007/BF00668831},
  doi =          {10.1007/BF00668831},
  number =       1,
  journal =      intjtheorphys,
  author =       {Penrose, Roger},
  month =        may,
  year =         1968,
  pages =        {61--99},
  category =     ga
}

@Book{penroserindler:1987,
  title =        {Spinors and Space-Time: {V}olume 1, {T}wo-Spinor
                  Calculus and Relativistic Fields},
  isbn =         9780521337076,
  shorttitle =   {Spinors and Space-Time},
  publisher =    {Cambridge University Press},
  author =       {Penrose, Roger and Rindler, Wolfgang},
  month =        feb,
  year =         1987,
  category =     ga
}

@Book{perwass:2009,
  title =        {Geometric Algebra with Applications in Engineering},
  url =
                  {http://www.springer.com/computer/image+processing/book/978-3-540-89067-6},
  author =       {Perwass, Christian},
  publisher =    {Springer-Verlag},
  address =      {Berlin},
  year =         2009
}

@Article{shoemake:1985,
  author =       {Shoemake, Ken},
  title =        {Animating rotation with quaternion curves},
  journal =      {{SIGGRAPH} Comput. Graph.},
  volume =       19,
  number =       3,
  month =        jul,
  year =         1985,
  issn =         {0097-8930},
  pages =        {245--254},
  numpages =     10,
  url =          {http://doi.acm.org/10.1145/325165.325242},
  doi =          {10.1145/325165.325242},
  acmid =        325242,
  keywords =     {B{\'e}zier curve, B-spline, animation,
                  approximation, in-betweening, interpolation,
                  quaternion, rotation, spherical geometry, spline},
  category =     ga
}
