@STRING{aamath = "Acta\ Appl.\ Math." }
@STRING{aphpol = "Acta\ Phys.\ Pol." }
@STRING{aphpolb = "Acta\ Phys.\ Pol.\ B" }
@STRING{apjl = "Astrophys.\ J.\ Lett." }
@STRING{apjs = "Astrophys.\ J.\ Supp.\ Ser." }
@STRING{intjtheorphys="Int.\ J.\ Theor.\ Phys" }
@STRING{jmanapp = "J.\ Math.\ Anal.\ Appl." }
@STRING{jphysamathgen="J.\ Phys.\ A: Math. Gen." }
@STRING{livrevrel="Living Rev. Relativity" }
@STRING{mnras = "Mon.\ Not.\ Roy.\ Astro.\ Soc." }
@STRING{procrsa = "Proc.\ Roy.\ Soc.\ A" }

@Article{abrahamsevans:1990,
  title =        {Gauge-invariant treatment of gravitational radiation
                  near the source: {A}nalysis and numerical
                  simulations},
  author =       {Andrew M. Abrahams and Charles R. Evans},
  journal =      prd,
  volume =       42,
  number =       8,
  pages =        {2585--2594},
  numpages =     9,
  year =         1990,
  month =        {Oct},
  doi =          {10.1103/PhysRevD.42.2585},
  url =          {http://link.aps.org/abstract/PRD/v42/p2585},
  category =     nr
}

@Article{ajith:2011,
  title =        {Addressing the spin question in gravitational-wave
                  searches: {W}aveform templates for inspiralling
                  compact binaries with nonprecessing spins},
  volume =       84,
  url =          {http://link.aps.org/doi/10.1103/PhysRevD.84.084037},
  doi =          {10.1103/PhysRevD.84.084037},
  number =       8,
  journal =      prd,
  author =       {Ajith, P.},
  month =        oct,
  year =         2011,
  pages =        084037,
  category =     nr
}

@Article{ajithetal:2007,
  title =        {A phenomenological template family for black-hole
                  coalescence waveforms},
  volume =       24,
  issn =         {0264-9381},
  url =          {http://iopscience.iop.org/0264-9381/24/19/S31/},
  doi =          {10.1088/0264-9381/24/19/S31},
  number =       19,
  journal =      cqg,
  author =       {P. Ajith and S. Babak and Y. Chen and M.\ Hewitson
                  and B.  Krishnan and J. T. Whelan and B.\
                  Br{\"{u}}gmann and P\.  Diener and J. Gonzalez and
                  M. Hannam and S. Husa and M.  Koppitz and D.\
                  Pollney and L. Rezzolla and L.  Santamar{\'{i}}a and
                  A. M. Sintes and U. Sperhake and J.\ Thornburg},
  year =         2007,
  pages =        {S689--S699},
  category =     nr
}

@Article{ajithetal:2009,
  title =        {Inspiral-Merger-Ringdown Waveforms for Black-Hole
                  Binaries with Nonprecessing Spins},
  volume =       106,
  url =
                  {http://link.aps.org/doi/10.1103/PhysRevLett.106.241101},
  doi =          {10.1103/PhysRevLett.106.241101},
  number =       24,
  journal =      prl,
  author =       {Ajith, P. and Hannam, M. and Husa, S. and Chen,
                  Y. and Br{\"u}gmann, B. and Dorband, N. and
                  M{\"u}ller, D. and Ohme, F. and Pollney, D. and
                  Reisswig, C. and Santamar{\'i}a, L. and Seiler, J.},
  month =        jun,
  year =         2011,
  pages =        241101,
  category =     nr
}

@Book{alcubierre:2008,
  title =        {Introduction to 3+1 Numerical Relativity},
  isbn =         9780199205677,
  url =
                  {http://oxfordindex.oup.com/view/10.1093/acprof:oso/9780199205677.001.0001},
  urldate =      {2014-05-12},
  publisher =    {Oxford University Press},
  address =      {New York},
  author =       {Alcubierre, Miguel},
  month =        apr,
  year =         2008,
}

@Article{arnowittetal:2008,
  title =        {Republication of: {T}he dynamics of general
                  relativity},
  volume =       40,
  issn =         {0001-7701},
  url =
                  {http://www.springerlink.com/content/068kj2p81113p2q8/abstract/},
  doi =          {10.1007/s10714-008-0661-1},
  number =       9,
  urldate =      {2012-10-05},
  journal =      grg,
  author =       {Arnowitt, Richard and Deser, Stanley and Misner,
                  Charles},
  year =         2008,
  keywords =     {Physics and Astronomy},
  pages =        {1997--2027},
}

@Article{bakeretal:2007,
  title =        {Consistency of Post-{N}ewtonian Waveforms with
                  Numerical Relativity},
  author =       {Baker, John G. and van~Meter, James R. and
                  McWilliams, Sean T. and Centrella, Joan and Kelly,
                  Bernard J.},
  journal =      prl,
  volume =       99,
  number =       18,
  pages =        181101,
  numpages =     4,
  year =         2007,
  month =        {Oct},
  doi =          {10.1103/PhysRevLett.99.181101},
  url =
                  {http://link.aps.org/doi/10.1103/PhysRevLett.99.181101},
  category =     nr
}

@Article{bishopetal:1997,
  title =        {High-powered gravitational news},
  volume =       56,
  url =          {http://link.aps.org/doi/10.1103/PhysRevD.56.6298},
  doi =          {10.1103/PhysRevD.56.6298},
  number =       10,
  urldate =      {2011-06-10},
  journal =      prd,
  author =       {Bishop, Nigel T. and G{\'{o}}mez, Roberto and
                  Lehner, Luis and Maharaj, Manoj and Winicour,
                  Jeffrey},
  month =        nov,
  year =         1997,
  pages =        6298,
}

@PhDThesis{boyle:2008,
  title =        {Accurate gravitational waveforms from binary
                  black-hole systems},
  url =
                  {http://etd.caltech.edu/etd/available/etd-01122009-143851/},
  school =       {California Institute of Technology},
  author =       {Michael Boyle},
  month =        oct,
  year =         2008,
  category =     nr
}

@Unpublished{boyle:2010,
  author =       {Michael Boyle},
  title =        {A note on initial orbital frequencies for {BBH}
                  simulations},
  note =         {Presented to members of the {NR}--{AR} collaboration
                  during the teleconference of Feb.~10, 2010},
  month =        feb,
  year =         2010,
  url =
                  {https://www.ninja-project.org/lib/exe/fetch.php?media=initialfrequencynote_boyle.pdf},
  category =     nr
}

@Article{boyle:2011,
  title =        {Uncertainty in hybrid gravitational waveforms:
                  {O}ptimizing initial orbital frequencies for binary
                  black-hole simulations},
  author =       {Boyle, Michael},
  journal =      prd,
  volume =       84,
  issue =        6,
  pages =        064013,
  numpages =     16,
  year =         2011,
  month =        sep,
  doi =          {10.1103/PhysRevD.84.064013},
  url =          {http://link.aps.org/doi/10.1103/PhysRevD.84.064013},
  category =     nr
}

@article{boyle:2013,
  title =        {Angular velocity of gravitational radiation from
                  precessing binaries and the corotating frame},
  volume =       87,
  url =          {http://arxiv.org/abs/1302.2919},
  doi =          {10.1103/PhysRevD.87.104006},
  number =       10,
  journal =      prd,
  author =       {Boyle, Michael},
  month =        may,
  year =         2013,
  pages =        104006,
}

@Article{boyleetal:2007,
  title =        {High-accuracy comparison of numerical relativity
                  simulations with post-{N}ewtonian expansions},
  volume =       76,
  url =          {http://link.aps.org/abstract/PRD/v76/e124038},
  doi =          {10.1103/PhysRevD.76.124038},
  number =       12,
  journal =      prd,
  author =       {Michael Boyle and Duncan A. Brown and Lawrence
                  E. Kidder and Abdul H. Mroue and Harald P. Pfeiffer
                  and Mark A.  Scheel and Gregory B. Cook and Saul
                  A. Teukolsky},
  month =        dec,
  year =         2007,
  pages =        {124038--31},
  category =     nr
}

@Article{boyleetal:2008,
  title =        {High-accuracy numerical simulation of black-hole
                  binaries: {C}omputation of the gravitational-wave
                  energy flux and comparisons with post-{N}ewtonian
                  approximants},
  volume =       78,
  shorttitle =   {High-accuracy numerical simulation of black-hole
                  binaries},
  url =          {http://link.aps.org/abstract/PRD/v78/e104020},
  doi =          {10.1103/PhysRevD.78.104020},
  number =       10,
  journal =      prd,
  author =       {Michael Boyle and Alessandra Buonanno and Lawrence
                  E.  Kidder and Abdul H. Mrou{\'{e}} and Yi Pan and
                  Harald P.  Pfeiffer and Mark A. Scheel},
  month =        nov,
  year =         2008,
  pages =        {104020--23},
  category =     nr
}

@Article{boyleetal:2009,
  title =        {Comparison of high-accuracy numerical simulations of
                  black-hole binaries with stationary-phase
                  post-{N}ewtonian template waveforms for initial and
                  advanced {LIGO}},
  volume =       26,
  issn =         {0264-9381},
  url =
                  {http://www.iop.org/EJ/abstract/0264-9381/26/11/114006},
  number =       11,
  journal =      cqg,
  author =       {Michael Boyle and Duncan A. Brown and Larne
                  Pekowsky},
  year =         2009,
  pages =        114006,
  category =     nr
}

@Article{boyleetal:2011,
  title =        {Geometric approach to the precession of compact
                  binaries},
  volume =       84,
  url =          {http://link.aps.org/doi/10.1103/PhysRevD.84.124011},
  doi =          {10.1103/PhysRevD.84.124011},
  number =       12,
  journal =      prd,
  author =       {Boyle, Michael and Owen, Robert and Pfeiffer, Harald
                  P.},
  month =        dec,
  year =         2011,
  pages =        124011,
  category =     nr
}
@Comment url =          {http://link.aps.org/doi/10.1103/PhysRevD.87.104006},

@Unpublished{boyleetal:2014a,
  author =       {Michael Boyle and Lawrence E. Kidder and Serguei
                  Ossokine and Harald P. Pfeiffer},
  title =        {Gravitational-wave modes from precessing black-hole
                  binaries},
  note =         {Not yet published},
  year =         2014,
}

@Unpublished{boyleetal:2014b,
  author =       {Michael Boyle and Lawrence E. Kidder and Serguei
                  Ossokine and Harald P. Pfeiffer},
  title =        {Constructing and analyzing gravitational waveforms
                  from precessing black-hole binaries},
  note =         {Not yet published},
  year =         2014,
}

@Unpublished{boyleetal:2014c,
  author =       {Michael Boyle},
  title =        {Transformations of fields at future null infinity},
  note =         {Not yet published},
  year =         2014,
}

@Article{boylemroue:2009,
  title =        {Extrapolating gravitational-wave data from numerical
                  simulations},
  volume =       80,
  url =          {http://link.aps.org/abstract/PRD/v80/e124045},
  doi =          {10.1103/PhysRevD.80.124045},
  number =       12,
  journal =      prd,
  author =       {Boyle, Michael and Mrou{\'{e}}, Abdul H.},
  month =        dec,
  year =         2009,
  pages =        {124045--14},
  category =     nr
}

@Article{brugmannetal:2008,
  title =        {Exploring black hole superkicks},
  volume =       77,
  url =          {http://link.aps.org/doi/10.1103/PhysRevD.77.124047},
  doi =          {10.1103/PhysRevD.77.124047},
  number =       12,
  urldate =      {2011-09-02},
  journal =      prd,
  author =       {Br{\"u}gmann, Bernd and Gonz{\'a}lez, Jos{\'e}
                  A. and Hannam, Mark and Husa, Sascha and Sperhake,
                  Ulrich},
  month =        jun,
  year =         2008,
  pages =        124047,
}

@Article{campanellietal:1999,
  title =        {Second order gauge invariant gravitational
                  perturbations of a {K}err black hole},
  volume =       59,
  url =          {http://link.aps.org/doi/10.1103/PhysRevD.59.124022},
  doi =          {10.1103/PhysRevD.59.124022},
  number =       12,
  urldate =      {2014-04-07},
  journal =      prd,
  author =       {Campanelli, Manuela and Lousto, Carlos O.},
  month =        may,
  year =         1999,
  pages =        124022,
}

@Article{campanellietal:2007a,
  title =        {Maximum Gravitational Recoil},
  volume =       98,
  url =
                  {http://link.aps.org/doi/10.1103/PhysRevLett.98.231102},
  doi =          {10.1103/PhysRevLett.98.231102},
  number =       23,
  urldate =      {2014-05-11},
  journal =      prl,
  author =       {Campanelli, Manuela and Lousto, Carlos O. and
                  Zlochower, Yosef and Merritt, David},
  month =        jun,
  year =         2007,
  pages =        231102,
}

@Article{campanellietal:2007b,
  title =        {Large Merger Recoils and Spin Flips from Generic
                  Black Hole Binaries},
  volume =       659,
  issn =         {1538-4357},
  url =          {http://iopscience.iop.org/1538-4357/659/1/L5},
  doi =          {10.1086/516712},
  language =     {en},
  number =       1,
  urldate =      {2014-05-11},
  journal =      apjl,
  author =       {Campanelli, Manuela and Lousto, Carlos and
                  Zlochower, Yosef and Merritt, David},
  month =        apr,
  year =         2007,
  pages =        {L5},
}

@Article{campanellietal:2009,
  author =       {Campanelli, Manuela and Lousto, Carlos O. and
                  Nakano, Hiroyuki and Zlochower, Yosef},
  month =        apr,
  url =          {http://link.aps.org/doi/10.1103/PhysRevD.79.084010},
  year =         2009,
  pages =        084010,
  title =        {Comparison of numerical and post-{N}ewtonian
                  waveforms for generic precessing black-hole
                  binaries},
  volume =       79,
  journal =      prd,
  doi =          {10.1103/PhysRevD.79.084010},
  numpages =     24,
  issue =        8,
  category =     nr
}

@Article{cookpfeiffer:2004,
  title =        {Excision boundary conditions for black-hole initial
                  data},
  volume =       70,
  url =          {http://link.aps.org/doi/10.1103/PhysRevD.70.104016},
  doi =          {10.1103/PhysRevD.70.104016},
  number =       10,
  urldate =      {2014-08-11},
  journal =      prd,
  author =       {Cook, Gregory B. and Pfeiffer, Harald P.},
  month =        nov,
  year =         2004,
  pages =        104016,
}

@Article{garciaetal:2012,
  title =        {Are different approaches to constructing initial
                  data for binary black hole simulations of the same
                  astrophysical situation equivalent?},
  volume =       86,
  issn =         {1550-7998, 1550-2368},
  url =          {http://arxiv.org/abs/1206.2943},
  doi =          {10.1103/PhysRevD.86.084054},
  number =       8,
  urldate =      {2014-01-16},
  journal =      prd,
  author =       {Garcia, Bryant and Lovelace, Geoffrey and Kidder,
                  Lawrence E. and Boyle, Michael and Teukolsky, Saul
                  A. and Scheel, Mark A. and Szilagyi, Bela},
  month =        oct,
  year =         2012,
}

@Article{gomezetal:2007,
  title =        {Framework for large-scale relativistic simulations
                  in the characteristic approach},
  volume =       76,
  issn =         {1550-7998, 1550-2368},
  url =          {http://link.aps.org/doi/10.1103/PhysRevD.76.124029},
  doi =          {10.1103/PhysRevD.76.124029},
  number =       12,
  urldate =      {2014-07-28},
  journal =      prd,
  author =       {G{\'{o}}mez, Roberto and Barreto, Willians and
                  Frittelli, Simonetta},
  month =        dec,
  year =         2007,
}

@article{gonzalezetal:2007,
  title =        {Supermassive Recoil Velocities for Binary Black-Hole
                  Mergers with Antialigned Spins},
  volume =       98,
  url =
                  {http://link.aps.org/doi/10.1103/PhysRevLett.98.231101},
  doi =          {10.1103/PhysRevLett.98.231101},
  number =       23,
  urldate =      {2014-05-11},
  journal =      prl,
  author =       {Gonz{\'a}lez, Jos{\'e} A. and Hannam, Mark and
                  Sperhake, Ulrich and Br{\"u}gmann, Bernd and Husa,
                  Sascha},
  month =        jun,
  year =         2007,
  pages =        231101,
}

@Article{gualtierietal:2008,
  title =        {Transformation of the multipolar components of
                  gravitational radiation under rotations and boosts},
  volume =       78,
  url =          {http://link.aps.org/doi/10.1103/PhysRevD.78.044024},
  doi =          {10.1103/PhysRevD.78.044024},
  number =       4,
  journal =      prd,
  author =       {Gualtieri, Leonardo and Berti, Emanuele and Cardoso,
                  Vitor and Sperhake, Ulrich},
  year =         2008,
  pages =        044024,
  category =     nr
}

@Article{hannametal:2008,
  title =        {Where post-{N}ewtonian and numerical-relativity
                  waveforms meet},
  volume =       77,
  url =          {http://link.aps.org/abstract/PRD/v77/e044020},
  doi =          {10.1103/PhysRevD.77.044020},
  number =       4,
  journal =      prd,
  author =       {Mark Hannam and Sascha Husa and Jose A. Gonzalez and
                  Ulrich Sperhake and Bernd Brugmann},
  month =        feb,
  year =         2008,
  pages =        {044020--15},
  category =     nr
}

@Article{hannametal:2010,
  title =        {Length requirements for numerical-relativity
                  waveforms},
  volume =       82,
  url =          {http://link.aps.org/doi/10.1103/PhysRevD.82.124052},
  doi =          {10.1103/PhysRevD.82.124052},
  number =       12,
  journal =      prd,
  author =       {Mark Hannam and Sascha Husa and Frank Ohme and
                  P. Ajith},
  month =        dec,
  year =         2010,
  pages =        124052,
  category =     nr
}

@Misc{hembergeretal:2012,
  author =       {Hemberger, Daniel A. and Scheel, Mark A. and Kidder,
                  Lawrence E. and Szil{\'{a}}gyi, B{\'{e}}la and
                  Teukolsky, Saul A.},
  title =        {Dynamical Excision Boundaries in Spectral Evolutions
                  of Binary Black Hole Spacetimes},
  eprint =       {1211.6079},
  archiveprefix ={arXiv},
  primaryclass = {gr-qc},
  month =        nov,
  year =         2012,
  category =     nr
}

@Article{hennigansorg:2009,
  title =        {A Fully Pseudospectral Scheme for Solving Singular
                  Hyperbolic Equations on Conformally Compactified
                  Spacetimes},
  volume =       06,
  issn =         {0219-8916},
  url =
                  {http://www.worldscinet.com/jhde/06/0601/S0219891609001769.html},
  doi =          {10.1142/S0219891609001769},
  number =       01,
  journal =      {Journal of Hyperbolic Differential Equations},
  author =       {J{\"{o}}rg Hennig and Marcus Ansorg},
  year =         2009,
  pages =        161,
  category =     nr
}

@Article{huffenbergerwandelt:2010,
  title =        {Fast and Exact Spin-s Spherical Harmonic Transforms},
  volume =       189,
  issn =         {0067-0049},
  url =          {http://iopscience.iop.org/0067-0049/189/2/255},
  doi =          {10.1088/0067-0049/189/2/255},
  number =       2,
  urldate =      {2013-06-05},
  journal =      apjs,
  author =       {Huffenberger, Kevin M. and Wandelt, Benjamin D.},
  month =        aug,
  year =         2010,
  pages =        255,
  annotate =     {This paper introduces the spinsfast software
                  package.}
}

@Article{kellybaker:2012,
  title =        {Decoding mode mixing in black-hole merger ringdown},
  author =       {Kelly, Bernard J. and Baker, John G.},
  journal =      prd,
  volume =       87,
  issue =        8,
  pages =        084004,
  numpages =     15,
  year =         2013,
  month =        {Apr},
  doi =          {10.1103/PhysRevD.87.084004},
  url =          {http://link.aps.org/doi/10.1103/PhysRevD.87.084004},
  category =     nr
}

@Article{lauetal:2009,
  title =        {{IMEX} Evolution of Scalar Fields on Curved
                  Backgrounds},
  volume =       6,
  url =
                  {http://www.global-sci.com/cgi-bin/fulltext/6/1063/full},
  journal =      {Comm. Comp. Phys.},
  author =       {Stephen R. Lau and Harald P. Pfeiffer and Jan S.\
                  Hesthaven},
  month =        may,
  year =         2009,
  pages =        {1063--1094},
  category =     nr
}

@Article{lauetal:2011,
  title =        {Implicit-explicit evolution of single black holes},
  month =        oct,
  doi =          {10.1103/PhysRevD.84.084023},
  author =       {Lau, Stephen R. and Lovelace, Geoffrey and Pfeiffer,
                  Harald P.},
  year =         2011,
  issue =        8,
  url =          {http://link.aps.org/doi/10.1103/PhysRevD.84.084023},
  numpages =     16,
  journal =      prd,
  pages =        084023,
  volume =       84,
  category =     nr
}

@Article{lehnermoreschi:2007,
  title =        {Dealing with delicate issues in waveform
                  calculations},
  volume =       76,
  url =          {http://link.aps.org/doi/10.1103/PhysRevD.76.124040},
  doi =          {10.1103/PhysRevD.76.124040},
  number =       12,
  urldate =      {2012-07-25},
  journal =      prd,
  author =       {Lehner, Luis and Moreschi, Osvaldo M.},
  month =        dec,
  year =         2007,
  pages =        124040,
}

@Article{lindblom:2008,
  title =        {Model waveform accuracy standards for gravitational
                  wave data analysis},
  volume =       78,
  url =          {http://link.aps.org/abstract/PRD/v78/e124020},
  doi =          {10.1103/PhysRevD.78.124020},
  number =       12,
  journal =      prd,
  author =       {Lee Lindblom and Benjamin J. Owen and Duncan
                  A. Brown},
  month =        dec,
  year =         2008,
  pages =        {124020--12},
  category =     nr
}

@Article{loustozlochower:2007,
  title =        {Practical formula for the radiated angular momentum},
  volume =       76,
  url =          {http://link.aps.org/doi/10.1103/PhysRevD.76.041502},
  doi =          {10.1103/PhysRevD.76.041502},
  number =       4,
  urldate =      {2012-06-13},
  journal =      prd,
  author =       {Lousto, Carlos O. and Zlochower, Yosef},
  year =         2007,
  pages =        041502,
}

@Article{loustozlochower:2011,
  title =        {Hangup Kicks: {S}till Larger Recoils by Partial
                  Spin-Orbit Alignment of Black-Hole Binaries},
  author =       {Lousto, Carlos O. and Zlochower, Yosef},
  journal =      prl,
  volume =       107,
  issue =        23,
  pages =        231102,
  numpages =     5,
  year =         2011,
  month =        {Dec},
  doi =          {10.1103/PhysRevLett.107.231102},
  url =
                  {http://link.aps.org/doi/10.1103/PhysRevLett.107.231102}
}

@Article{loustozlochower:2014,
  title =        {Where angular momentum goes in a precessing
                  black-hole binary},
  volume =       89,
  url =          {http://link.aps.org/doi/10.1103/PhysRevD.89.021501},
  doi =          {10.1103/PhysRevD.89.021501},
  number =       2,
  urldate =      {2014-03-19},
  journal =      prd,
  author =       {Lousto, Carlos O. and Zlochower, Yosef},
  month =        jan,
  year =         2014,
  pages =        021501,
}

@Article{lovelace:2009,
  title =        {Reducing spurious gravitational radiation in
                  binary-black-hole simulations by using conformally
                  curved initial data},
  volume =       26,
  issn =         {0264-9381},
  url =          {http://iopscience.iop.org/0264-9381/26/11/114002},
  doi =          {10.1088/0264-9381/26/11/114002},
  number =       11,
  urldate =      {2014-08-11},
  journal =      cqg,
  author =       {Lovelace, Geoffrey},
  month =        jun,
  year =         2009,
  pages =        114002
}

@Article{lovelaceetal:2008,
  title =        {Binary-black-hole initial data with nearly extremal
                  spins},
  volume =       78,
  url =          {http://link.aps.org/doi/10.1103/PhysRevD.78.084017},
  doi =          {10.1103/PhysRevD.78.084017},
  number =       8,
  journal =      prd,
  author =       {Geoffrey Lovelace and Robert Owen and Harald
                  P. Pfeiffer and Tony Chu},
  month =        oct,
  year =         2008,
  pages =        084017,
  category =     nr
}

@Article{lovelaceetal:2012,
  title =        {High-accuracy gravitational waveforms for binary
                  black hole mergers with nearly extremal spins},
  volume =       29,
  issn =         {0264-9381, 1361-6382},
  url =          {http://iopscience.iop.org/0264-9381/29/4/045003},
  doi =          {10.1088/0264-9381/29/4/045003},
  number =       4,
  journal =      cqg,
  author =       {Lovelace, Geoffrey and Boyle, Michael and Scheel,
                  Mark A and Szil{\'{a}}gyi, B{\'{e}}la},
  month =        feb,
  year =         2012,
  pages =        045003,
  category =     nr
}

@Article{macdonaldetal:2011,
  title =        {Suitability of post-{N}ewtonian/numerical-relativity
                  hybrid waveforms for gravitational wave detectors},
  volume =       28,
  issn =         {0264-9381},
  url =          {http://iopscience.iop.org/0264-9381/28/13/134002/},
  doi =          {10.1088/0264-9381/28/13/134002},
  number =       13,
  journal =      cqg,
  author =       {{MacDonald}, Ilana and Nissanke, Samaya and
                  Pfeiffer, Harald P},
  month =        jul,
  year =         2011,
  pages =        134002,
  category =     nr
}

@Article{macdonaldetal:2013,
  title =        {Suitability of hybrid gravitational waveforms for
                  unequal-mass binaries},
  volume =       87,
  url =          {http://link.aps.org/doi/10.1103/PhysRevD.87.024009},
  doi =          {10.1103/PhysRevD.87.024009},
  number =       2,
  urldate =      {2013-02-03},
  journal =      prd,
  author =       {{MacDonald}, Ilana and Mrou{\'{e}}, Abdul H. and
                  Pfeiffer, Harald P. and Boyle, Michael and Kidder,
                  Lawrence E. and Scheel, Mark A. and Szil{\'{a}}gyi,
                  B{\'{e}}la and Taylor, Nicholas W.},
  month =        jan,
  year =         2013,
  pages =        024009,
  category =     nr
}

@Article{mroueetal:2013,
  title =        {Catalog of 174 Binary Black Hole Simulations for
                  Gravitational Wave Astronomy},
  volume =       111,
  url =
                  {http://link.aps.org/doi/10.1103/PhysRevLett.111.241104},
  doi =          {10.1103/PhysRevLett.111.241104},
  urldate =      {2014-04-03},
  journal =      prl,
  author =       {Mrou{\'{e}}, Abdul H. and Scheel, Mark A. and
                  Szil{\'{a}}gyi, B{\'{e}}la and Pfeiffer, Harald
                  P. and Boyle, Michael and Hemberger, Daniel A. and
                  Kidder, Lawrence E. and Lovelace, Geoffrey and
                  Ossokine, Serguei and Taylor, Nicholas W. and
                  Zengino{\u{g}}lu, Anıl and Buchman, Luisa T. and
                  Chu, Tony and Foley, Evan and Giesler, Matthew and
                  Owen, Robert and Teukolsky, Saul A.},
  month =        dec,
  year =         2013,
  pages =        241104,
  note =         {numerical data sets are available for download from
                  \href{http://www.black-holes.org/waveforms/} {the
                  collaboration's website}}
}

@Misc{ninja2:2011,
  author =       {P. Ajith and Mike Boyle and Duncan A. Brown and
                  Stephen Fairhurst and Mark Hannam and Ian Hinder and
                  Sascha Husa and Badri Krishnan and R. A. Mercer and
                  F. Ohme and C. D.  Ott and J. S. Read and
                  L. Santamar{\'{i}}a and J. T.  Whelan},
  title =        {Data formats for numerical relativity},
  eprint =       {0709.0093v3},
  archiveprefix ={arXiv},
  primaryclass = {gr-qc},
  year =         2011,
  category =     nr
}

@Article{ninja2:2012,
  title =        {The {NINJA-2} catalog of hybrid
                  post-{N}ewtonian/numerical-relativity waveforms for
                  non-precessing black-hole binaries},
  author =       {{P. Ajith \emph{et~al.}}},
  volume =       29,
  url =          {http://iopscience.iop.org/0264-9381/29/12/124001},
  doi =          {10.1088/0264-9381/29/12/124001},
  number =       12,
  journal =      cqg,
  month =        jun,
  year =         2012,
  pages =        124001,
  category =     nr
}

@Unpublished{nrar:2013,
  author =       "{The NR--AR collaboration}",
  title =        {Results of the {NR}--{AR} collaboration},
  note =         {not yet published},
  year =         2013,
  category =     nr
}

@Article{ochsneroshaughnessy:2012,
  title =        {Asymptotic frame selection for binary black hole
                  spacetimes: {P}ost-{N}ewtonian limit},
  volume =       86,
  shorttitle =   {Asymptotic frame selection for binary black hole
                  spacetimes},
  url =          {http://link.aps.org/doi/10.1103/PhysRevD.86.104037},
  doi =          {10.1103/PhysRevD.86.104037},
  number =       10,
  urldate =      {2013-02-04},
  journal =      prd,
  author =       {Ochsner, E. and {O}'{S}haughnessy, R.},
  month =        nov,
  year =         2012,
  pages =        104037,
  category =     nr
}

@Article{oshaughnessyetal:2011,
  title =        {Efficient asymptotic frame selection for binary
                  black hole spacetimes using asymptotic radiation},
  volume =       84,
  url =          {http://link.aps.org/doi/10.1103/PhysRevD.84.124002},
  doi =          {10.1103/PhysRevD.84.124002},
  number =       12,
  urldate =      {2013-02-04},
  journal =      prd,
  author =       {{O}'{S}haughnessy, R. and Vaishnav, B. and Healy,
                  J. and Meeks, Z. and Shoemaker, D.},
  month =        dec,
  year =         2011,
  pages =        124002,
  category =     nr
}

@Article{oshaughnessyetal:2012,
  title =        {Precession during merger: {S}trong polarization
                  changes are observationally accessible features of
                  strong-field gravity during binary black hole
                  merger},
  author =       {{O'S}haughnessy, R. and London, L. and Healy, J. and
                  Shoemaker, D.},
  journal =      prd,
  volume =       87,
  issue =        4,
  pages =        044038,
  numpages =     21,
  year =         2013,
  month =        {Feb},
  doi =          {10.1103/PhysRevD.87.044038},
  url =          {http://link.aps.org/doi/10.1103/PhysRevD.87.044038},
  category =     nr
}

@Unpublished{ossokineetal:2014,
  author =       {Serguei Ossokine and others},
  title =        {Comparing post-{N}ewtonian and numerical-relativity
                  precession dynamics},
  year =         2014,
  note =         {not yet published}
}

@Article{pekowskyetal:2013b,
  title =        {Comparing gravitational waves from nonprecessing and
                  precessing black hole binaries in the corotating
                  frame},
  author =       {Pekowsky, L. and O'{S}haughnessy, R. and Healy,
                  J. and Shoemaker, D.},
  journal =      prd,
  volume =       88,
  issue =        2,
  pages =        024040,
  numpages =     27,
  year =         2013,
  month =        {Jul},
  doi =          {10.1103/PhysRevD.88.024040},
  url =          {http://link.aps.org/doi/10.1103/PhysRevD.88.024040}
}

@Misc{reisswigetal:2012,
  author =       {Reisswig, Christian and Bishop, Nigel T. and
                  Pollney, Denis},
  title =        {General relativistic null-cone evolutions with a
                  high-order scheme},
  eprint =       {1208.3891},
  archiveprefix ={arXiv},
  primaryclass = {gr-qc},
  month =        aug,
  year =         2012,
  category =     nr
}

@Article{ruizetal:2008,
  title =        {Multiple expansions for energy and momenta carried
                  by gravitational waves},
  volume =       40,
  issn =         {0001-7701, 1572-9532},
  url =
                  {http://link.springer.com/article/10.1007/s10714-007-0570-8},
  doi =          {10.1007/s10714-007-0570-8},
  language =     {en},
  number =       8,
  urldate =      {2014-05-15},
  journal =      grg,
  author =       {Ruiz, Milton and Alcubierre, Miguel and
                  N{\'u}{\~n}ez, Dar{\'i}o and Takahashi, Ryoji},
  month =        aug,
  year =         2008,
  pages =        {1705--1729}
}

@Article{santamariaetal:2010,
  title =        {Matching post-{N}ewtonian and numerical relativity
                  waveforms: {S}ystematic errors and a new
                  phenomenological model for nonprecessing black hole
                  binaries},
  author =       {Santamar{\'{i}}a, L. and Ohme, F. and Ajith, P. and
                  Br{\"{u}}gmann, B. and Dorband, N. and Hannam,
                  M. and Husa, S. and M{\"{o}}sta, P. and Pollney,
                  D. and Reisswig, C. and Robinson, E. L. and Seiler,
                  J. and Krishnan, B.},
  journal =      prd,
  volume =       82,
  number =       6,
  pages =        064016,
  numpages =     21,
  year =         2010,
  month =        {Sep},
  doi =          {10.1103/PhysRevD.82.064016},
  category =     nr
}

@Article{scheeletal:2006,
  title =        {Solving {E}instein's equations with dual coordinate
                  frames},
  volume =       74,
  url =          {http://link.aps.org/doi/10.1103/PhysRevD.74.104006},
  doi =          {10.1103/PhysRevD.74.104006},
  number =       10,
  urldate =      {2013-01-23},
  journal =      prd,
  author =       {Scheel, Mark A. and Pfeiffer, Harald P. and
                  Lindblom, Lee and Kidder, Lawrence E. and Rinne,
                  Oliver and Teukolsky, Saul A.},
  month =        nov,
  year =         2006,
  pages =        104006,
  category =     nr
}

@Article{scheeletal:2009,
  title =        {High-accuracy waveforms for binary black hole
                  inspiral, merger, and ringdown},
  volume =       79,
  url =          {http://link.aps.org/doi/10.1103/PhysRevD.79.024003},
  doi =          {10.1103/PhysRevD.79.024003},
  number =       2,
  journal =      prd,
  author =       {Mark A. Scheel and Michael Boyle and Tony Chu and
                  Lawrence E. Kidder and Keith D. Matthews and Harald
                  P. Pfeiffer},
  month =        jan,
  year =         2009,
  pages =        024003,
  category =     nr
}

@Article{schmidtetal:2011,
  title =        {Tracking the precession of compact binaries from
                  their gravitational-wave signal},
  volume =       84,
  url =          {http://link.aps.org/doi/10.1103/PhysRevD.84.024046},
  doi =          {10.1103/PhysRevD.84.024046},
  number =       2,
  journal =      prd,
  author =       {Schmidt, Patricia and Hannam, Mark and Husa, Sascha
                  and Ajith, P.},
  month =        jul,
  year =         2011,
  pages =        024046,
  category =     nr
}

@Article{schmidtetal:2012,
  title =        {Towards models of gravitational waveforms from
                  generic binaries: {A} simple approximate mapping
                  between precessing and nonprecessing inspiral
                  signals},
  volume =       86,
  shorttitle =   {Towards models of gravitational waveforms from
                  generic binaries},
  url =          {http://link.aps.org/doi/10.1103/PhysRevD.86.104063},
  doi =          {10.1103/PhysRevD.86.104063},
  number =       10,
  urldate =      {2013-03-12},
  journal =      prd,
  author =       {Schmidt, Patricia and Hannam, Mark and Husa, Sascha},
  month =        nov,
  year =         2012,
  pages =        104063,
  category =     nr
}

@article{schnittmanetal:2008,
  title =        {Anatomy of the binary black hole recoil: {A}
                  multipolar analysis},
  volume =       77,
  shorttitle =   {Anatomy of the binary black hole recoil},
  url =          {http://link.aps.org/doi/10.1103/PhysRevD.77.044031},
  doi =          {10.1103/PhysRevD.77.044031},
  number =       4,
  journal =      prd,
  author =       {Schnittman, Jeremy D. and Buonanno, Alessandra and
                  van Meter, James R. and Baker, John G. and Boggs,
                  William D. and Centrella, Joan and Kelly, Bernard
                  J. and {McWilliams}, Sean T.},
  month =        feb,
  year =         2008,
  pages =        044031,
}

@Article{singhbhadauria:2009,
  author =       {Ashok K. Singh and B. S. Bhadauria},
  title =        {Finite Difference Formulae for Unequal Sub-Intervals
                  Using Lagrange's Interpolation Formula},
  journal =      {Int. Journal of Math. Analysis},
  year =         2009,
  volume =       3,
  number =       17,
  pages =        {815--827},
  url =
                  {http://www.m-hikari.com/ijma/ijma-password-2009/ijma-password17-20-2009/index.html},
  category =     nr
}

@Article{sturanietal:2010,
  title =        {Complete phenomenological gravitational waveforms
                  from spinning coalescing binaries},
  volume =       243,
  url =          {http://iopscience.iop.org/1742-6596/243/1/012007},
  doi =          {10.1088/1742-6596/243/1/012007},
  journal =      {Journal of Physics: Conference Series},
  author =       {R. Sturani and S. Fischetti and L. Cadonati and
                  G. M.  Guidi and J. Healy and D. Shoemaker and
                  A. Vicer{\'{e}}},
  year =         2010,
  pages =        012007,
  category =     nr
}

@Article{tayloretal:2013,
  title =        {Comparing gravitational waveform extrapolation to
                  Cauchy-characteristic extraction in binary black
                  hole simulations},
  volume =       88,
  url =          {http://link.aps.org/doi/10.1103/PhysRevD.88.124010},
  doi =          {10.1103/PhysRevD.88.124010},
  number =       12,
  urldate =      {2014-04-03},
  journal =      prd,
  author =       {Taylor, Nicholas W. and Boyle, Michael and Reisswig,
                  Christian and Scheel, Mark A. and Chu, Tony and
                  Kidder, Lawrence E. and Szil{\'{a}}gyi, B{\'{e}}la},
  month =        dec,
  year =         2013,
  pages =        124010,
}

@Article{tichymarronetti:2007,
  title =        {Binary black hole mergers: {L}arge kicks for generic
                  spin orientations},
  volume =       76,
  shorttitle =   {Binary black hole mergers},
  url =          {http://link.aps.org/doi/10.1103/PhysRevD.76.061502},
  doi =          {10.1103/PhysRevD.76.061502},
  number =       6,
  urldate =      {2014-05-22},
  journal =      prd,
  author =       {Tichy, Wolfgang and Marronetti, Pedro},
  month =        sep,
  year =         2007,
  pages =        061502,
}

@Article{winicour:2012,
  title =        {Characteristic Evolution and Matching},
  volume =       15,
  url =
                  {http://relativity.livingreviews.org/Articles/lrr-2012-2/},
  urldate =      {2012-10-09},
  journal =      {Living Rev. Relativity},
  author =       {Winicour, Jeffrey},
  year =         2012,
  category =     nr
}
