@STRING{aamath = "Acta\ Appl.\ Math." }
@STRING{aphpol = "Acta\ Phys.\ Pol." }
@STRING{aphpolb = "Acta\ Phys.\ Pol.\ B" }
@STRING{intjtheorphys="Int.\ J.\ Theor.\ Phys" }
@STRING{jmanapp = "J.\ Math.\ Anal.\ Appl." }
@STRING{jphysamathgen="J.\ Phys.\ A: Math. Gen." }
@STRING{livrevrel="Living Rev. Relativity" }
@STRING{mnras = "Mon.\ Not.\ Roy.\ Astro.\ Soc." }
@STRING{procrsa = "Proc.\ Roy.\ Soc.\ A" }

@Article{LVC:2013,
  title =        {Parameter estimation for compact binary coalescence
                  signals with the first generation gravitational-wave
                  detector network},
  volume =       88,
  url =          {http://link.aps.org/doi/10.1103/PhysRevD.88.062001},
  doi =          {10.1103/PhysRevD.88.062001},
  number =       6,
  urldate =      {2014-08-09},
  journal =      prd,
  author =       {{The LIGO Scientific Collaboration and the Virgo
                  Collaboration}},
  month =        sep,
  year =         2013,
  pages =        062001,
}

@Article{balasubramanianetal:1996,
  title =        {Gravitational waves from coalescing binaries:
                  {D}etection strategies and {M}onte {C}arlo
                  estimation of parameters},
  volume =       53,
  shorttitle =   {Gravitational waves from coalescing binaries},
  url =          {http://link.aps.org/doi/10.1103/PhysRevD.53.3033},
  doi =          {10.1103/PhysRevD.53.3033},
  number =       6,
  journal =      prd,
  author =       {Balasubramanian, R. and Sathyaprakash, B. S. and
                  Dhurandhar, S. V.},
  month =        mar,
  year =         1996,
  pages =        3033,
  category =     pe
}

@Article{cutlerflanagan:1994,
  journal =      prd,
  number =       6,
  volume =       49,
  pages =        2658,
  month =        {mar},
  year =         1994,
  title =        {Gravitational waves from merging compact binaries:
                  {H}ow accurately can one extract the binary's
                  parameters from the inspiral waveform?},
  shorttitle =   {Gravitational waves from merging compact binaries},
  author =       {Curt Cutler and {\'{E}}anna {\'{E}}. Flanagan},
  url =          {http://link.aps.org/doi/10.1103/PhysRevD.49.2658},
  doi =          {10.1103/PhysRevD.49.2658},
  category =     pe
}

@Article{cutlervallisneri:2007,
  title =        {{LISA} detections of massive black hole inspirals:
                  {P}arameter extraction errors due to inaccurate
                  template waveforms},
  author =       {Curt Cutler and Michele Vallisneri},
  journal =      prd,
  volume =       76,
  number =       10,
  pages =        104018,
  numpages =     15,
  year =         2007,
  month =        {Nov},
  doi =          {10.1103/PhysRevD.76.104018},
  url =          {http://link.aps.org/doi/10.1103/PhysRevD.76.104018},
  category =     pe
}

@Article{fairhurst:2011,
  title =        {Source localization with an advanced gravitational
                  wave detector network},
  volume =       28,
  issn =         {0264-9381, 1361-6382},
  url =          {http://iopscience.iop.org/0264-9381/28/10/105021},
  doi =          {10.1088/0264-9381/28/10/105021},
  number =       10,
  urldate =      {2013-02-06},
  journal =      cqg,
  author =       {Fairhurst, Stephen},
  month =        may,
  year =         2011,
  pages =        105021,
  category =     pe
}

@Article{flanaganhughes:1998,
  title =        {Measuring gravitational waves from binary black hole
                  coalescences. {II.} {T}he waves' information and its
                  extraction, with and without templates},
  volume =       57,
  url =          {http://link.aps.org/doi/10.1103/PhysRevD.57.4566},
  doi =          {10.1103/PhysRevD.57.4566},
  number =       8,
  journal =      prd,
  author =       {{\'{E}}anna {\'{E}}. Flanagan and Scott A. Hughes},
  month =        apr,
  year =         1998,
  pages =        4566,
  category =     pe
}

@Article{jaranowskietal:1996,
  title =        {On the estimation of parameters of the
                  gravitational-wave signal from a coalescing binary
                  by a network of detectors},
  volume =       13,
  issn =         {0264-9381, 1361-6382},
  url =          {http://iopscience.iop.org/0264-9381/13/6/004},
  doi =          {10.1088/0264-9381/13/6/004},
  number =       6,
  urldate =      {2013-02-06},
  journal =      cqg,
  author =       {Jaranowski, Piotr and Kokkotas, Kostas D and
                  Kr{\'{o}}lak, Andrzej and Tsegas, George},
  month =        jun,
  year =         1996,
  pages =        {1279--1307},
  category =     pe
}

@Article{klimenkoetal:2011,
  title =        {Localization of gravitational wave sources with
                  networks of advanced detectors},
  volume =       83,
  url =          {http://link.aps.org/doi/10.1103/PhysRevD.83.102001},
  doi =          {10.1103/PhysRevD.83.102001},
  number =       10,
  urldate =      {2013-02-06},
  journal =      prd,
  author =       {Klimenko, S. and Vedovato, G. and Drago, M. and
                  Mazzolo, G. and Mitselmakher, G. and Pankow, C. and
                  Prodi, G. and Re, V. and Salemi, F. and Yakushin,
                  I.},
  month =        may,
  year =         2011,
  pages =        102001,
  category =     pe
}

@Article{nissankeetal:2011,
  title =        {Localizing compact binary inspirals on the sky using
                  ground-based gravitational-wave interferometers},
  volume =       739,
  issn =         {0004-{637X}, 1538-4357},
  url =          {http://iopscience.iop.org/0004-637X/739/2/99},
  doi =          {10.1088/0004-637X/739/2/99},
  number =       2,
  urldate =      {2013-02-06},
  journal =      apj,
  author =       {Nissanke, Samaya and Sievers, Jonathan and Dalal,
                  Neal and Holz, Daniel},
  month =        oct,
  year =         2011,
  pages =        99,
  category =     pe
}

@Article{raymondetal:2009,
  title =        {Degeneracies in sky localization determination from
                  a spinning coalescing binary through gravitational
                  wave observations: {A} {M}arkov-chain {M}onte
                  {C}arlo analysis for two detectors},
  volume =       26,
  issn =         {0264-9381, 1361-6382},
  shorttitle =   {Degeneracies in sky localization determination from
                  a spinning coalescing binary through gravitational
                  wave observations},
  url =          {http://iopscience.iop.org/0264-9381/26/11/114007},
  doi =          {10.1088/0264-9381/26/11/114007},
  number =       11,
  journal =      cqg,
  author =       {Raymond, V. and van der Sluys, M. V. and Mandel,
                  I. and Kalogera, V. and R{\"{o}}ver, C. and
                  Christensen, N.},
  month =        jun,
  year =         2009,
  pages =        114007,
  category =     pe
}

@Article{vallisneri:2011,
  title =        {Beyond the {F}isher-Matrix Formalism: {E}xact
                  Sampling Distributions of the Maximum-Likelihood
                  Estimator in Gravitational-Wave Parameter
                  Estimation},
  volume =       107,
  shorttitle =   {Beyond the Fisher-Matrix Formalism},
  url =
                  {http://link.aps.org/doi/10.1103/PhysRevLett.107.191104},
  doi =          {10.1103/PhysRevLett.107.191104},
  number =       19,
  urldate =      {2013-02-06},
  journal =      prl,
  author =       {Vallisneri, Michele},
  month =        nov,
  year =         2011,
  pages =        191104,
  category =     pe
}

@Article{veitchetal:2012,
  title =        {Estimating parameters of coalescing compact binaries
                  with proposed advanced detector networks},
  volume =       85,
  url =          {http://link.aps.org/doi/10.1103/PhysRevD.85.104045},
  doi =          {10.1103/PhysRevD.85.104045},
  number =       10,
  urldate =      {2013-02-06},
  journal =      prd,
  author =       {Veitch, J. and Mandel, I. and Aylott, B. and Farr,
                  B. and Raymond, V. and Rodriguez, C. and van der
                  Sluys, M. and Kalogera, V. and Vecchio, A.},
  month =        may,
  year =         2012,
  pages =        104045,
  category =     pe
}

@Article{vitalezanolin:2011,
  title =        {Application of asymptotic expansions for maximum
                  likelihood estimators' errors to gravitational waves
                  from inspiraling binary systems: {T}he network case},
  volume =       84,
  url =          {http://link.aps.org/doi/10.1103/PhysRevD.84.104020},
  doi =          {10.1103/PhysRevD.84.104020},
  number =       10,
  urldate =      {2013-02-06},
  journal =      prd,
  author =       {Vitale, Salvatore and Zanolin, Michele},
  month =        nov,
  year =         2011,
  pages =        104020,
  category =     pe
}

@Article{wenchen:2010,
  title =        {Geometrical expression for the angular resolution of
                  a network of gravitational-wave detectors},
  volume =       81,
  url =          {http://link.aps.org/doi/10.1103/PhysRevD.81.082001},
  doi =          {10.1103/PhysRevD.81.082001},
  number =       8,
  urldate =      {2013-02-06},
  journal =      prd,
  author =       {Wen, Linqing and Chen, Yanbei},
  month =        apr,
  year =         2010,
  pages =        082001,
  category =     pe
}

@Article{vandersluysetal:2008a,
  title =        {Gravitational-Wave Astronomy with Inspiral Signals
                  of Spinning Compact-Object Binaries},
  volume =       688,
  issn =         {0004-{637X}, 1538-4357},
  url =          {http://iopscience.iop.org/595279},
  doi =          {10.1086/595279},
  number =       2,
  urldate =      {2013-02-06},
  journal =      apj,
  author =       {van der Sluys, M. V. and R{\"{o}}ver, C. and
                  Stroeer, A.  and Raymond, V. and Mandel, I. and
                  Christensen, N. and Kalogera, V. and Meyer, R. and
                  Vecchio, A.},
  month =        dec,
  year =         2008,
  pages =        {L61--L64},
  category =     pe
}

@Article{vandersluysetal:2008b,
  title =        {Parameter estimation of spinning binary inspirals
                  using {M}arkov-chain {M}onte {C}arlo},
  volume =       25,
  issn =         {0264-9381, 1361-6382},
  url =          {http://iopscience.iop.org/0264-9381/25/18/184011},
  doi =          {10.1088/0264-9381/25/18/184011},
  number =       18,
  urldate =      {2013-02-06},
  journal =      cqg,
  author =       {van der Sluys, Marc and Raymond, Vivien and Mandel,
                  Ilya and R{\"{o}}ver, Christian and Christensen,
                  Nelson and Kalogera, Vicky and Meyer, Renate and
                  Vecchio, Alberto},
  month =        sep,
  year =         2008,
  pages =        184011,
  category =     pe
}
