@STRING{aamath = "Acta\ Appl.\ Math." }
@STRING{aphpol = "Acta\ Phys.\ Pol." }
@STRING{aphpolb = "Acta\ Phys.\ Pol.\ B" }
@STRING{intjtheorphys="Int.\ J.\ Theor.\ Phys" }
@STRING{jmanapp = "J.\ Math.\ Anal.\ Appl." }
@STRING{jphysamathgen="J.\ Phys.\ A: Math. Gen." }
@STRING{livrevrel="Living Rev. Relativity" }
@STRING{mnras = "Mon.\ Not.\ Roy.\ Astro.\ Soc." }
@STRING{procrsa = "Proc.\ Roy.\ Soc.\ A" }

@Article{adamoetal:2009,
  title =        {Null Geodesic Congruences, Asymptotically Flat
                  Spacetimes and Their Physical Interpretation},
  volume =       12,
  url =          {http://www.livingreviews.org/lrr-2009-6},
  number =       6,
  journal =      livrevrel,
  author =       {Adamo, Timothy M. and Kozameh, Carlos and Newman,
                  Ezra T.},
  year =         2009,
  category =     scri
}

@Misc{andersson:2002,
  author =       {Andersson, Lars},
  title =        {Report on {GR16}, {Session A3}: {Mathematical}
                  Studies of the Field Equations},
  eprint =       0204087,
  archiveprefix ={arXiv},
  primaryclass = {gr-qc},
  month =        apr,
  year =         2002,
  category =     scri
}

@Article{ashtekarstreubel:1981,
  title =        {Symplectic Geometry of Radiative Modes and Conserved
                  Quantities at Null Infinity},
  volume =       376,
  issn =         {1364-5021, 1471-2946},
  url =
                  {http://rspa.royalsocietypublishing.org/content/376/1767/585},
  doi =          {10.1098/rspa.1981.0109},
  number =       1767,
  urldate =      {2013-08-03},
  journal =      procrsa,
  author =       {Ashtekar, A. and Streubel, M.},
  month =        may,
  year =         1981,
  pages =        {585--607},
  category =     scri
}

@Article{ashtekarwinicour:1982,
  title =        {Linkages and {H}amiltonians at null infinity},
  volume =       23,
  issn =         00222488,
  url =
                  {http://jmp.aip.org/resource/1/jmapaq/v23/i12/p2410_s1},
  doi =          {doi:10.1063/1.525283},
  number =       12,
  urldate =      {2013-07-11},
  journal =      jmp,
  author =       {Ashtekar, Abhay and Winicour, Jeffrey},
  month =        dec,
  year =         1982,
  pages =        {2410--2417},
  category =     scri
}

@Article{batalin:1981,
  title =        {Quasigroup construction and first class constraints},
  volume =       22,
  issn =         00222488,
  url =
                  {http://jmp.aip.org/resource/1/jmapaq/v22/i9/p1837_s1},
  doi =          {doi:10.1063/1.525155},
  number =       9,
  urldate =      {2013-08-01},
  journal =      jmp,
  author =       {Batalin, I. A.},
  month =        sep,
  year =         1981,
  pages =        {1837--1850},
  category =     scri
}

@Article{bishopetal:1996,
  title =        {Cauchy-Characteristic Matching: {A} New Approach to
                  Radiation Boundary Conditions},
  volume =       76,
  shorttitle =   {Cauchy-Characteristic Matching},
  url =          {http://link.aps.org/doi/10.1103/PhysRevLett.76.4303},
  doi =          {10.1103/PhysRevLett.76.4303},
  number =       23,
  urldate =      {2011-06-10},
  journal =      prl,
  author =       {Bishop, Nigel T. and Gomez, Roberto and Holvorcem,
                  Paulo R. and Matzner, Richard A. and Papadopoulos,
                  Philippos and Winicour, Jeffrey},
  month =        jun,
  year =         1996,
  pages =        4303,
  category =     scri
}

@Article{bondietal:1962,
  title =        {Gravitational Waves in General Relativity. {VII.}
                  {W}aves from Axi-Symmetric Isolated Systems},
  volume =       269,
  issn =         {1364-5021, 1471-2946},
  url =
                  {http://rspa.royalsocietypublishing.org/content/269/1336/21},
  doi =          {10.1098/rspa.1962.0161},
  number =       1336,
  journal =      procrsa,
  author =       {Bondi, H. and Burg, M. G. J. van der and Metzner,
                  A. W.  K.},
  month =        aug,
  year =         1962,
  pages =        {21--52},
  category =     scri
}

@Article{burkohughes:2010,
  title =        {Falloff of radiated energy in black hole spacetimes},
  volume =       82,
  url =          {http://link.aps.org/doi/10.1103/PhysRevD.82.104029},
  doi =          {10.1103/PhysRevD.82.104029},
  number =       10,
  journal =      prd,
  author =       {Burko, Lior M. and Hughes, Scott A.},
  month =        nov,
  year =         2010,
  pages =        104029,
  category =     scri
}

@Article{chruscieletal:1998,
  title =        {Uniqueness of the {T}rautman--{B}ondi mass},
  volume =       58,
  url =          {http://link.aps.org/doi/10.1103/PhysRevD.58.084001},
  doi =          {10.1103/PhysRevD.58.084001},
  number =       8,
  urldate =      {2012-07-18},
  journal =      prd,
  author =       {Chru{\'{s}}ciel, Piotr T. and Jezierski, Jacek and
                  {MacCallum}, Malcolm A. H.},
  year =         1998,
  pages =        084001,
  category =     scri
}

@Article{cookwhiting:2007,
  title =        {Approximate Killing vectors on
                  S{\textasciicircum}\{2\}},
  volume =       76,
  url =          {http://link.aps.org/doi/10.1103/PhysRevD.76.041501},
  doi =          {10.1103/PhysRevD.76.041501},
  number =       4,
  urldate =      {2013-02-04},
  journal =      prd,
  author =       {Cook, Gregory B. and Whiting, Bernard F.},
  month =        aug,
  year =         2007,
  pages =        041501,
  category =     scri
}

@Article{dainmoreschi:2000,
  title =        {General existence proof for rest frame systems in
                  asymptotically flat spacetime},
  volume =       17,
  issn =         {0264-9381, 1361-6382},
  url =          {http://iopscience.iop.org/0264-9381/17/18/305},
  doi =          {10.1088/0264-9381/17/18/305},
  number =       18,
  journal =      cqg,
  author =       {Dain, Sergio and Moreschi, Osvaldo M},
  month =        sep,
  year =         2000,
  pages =        {3663--3672},
  category =     scri
}

@Article{dray:1985a,
  author =       {Tevian Dray},
  title =        {The relationship between monopole harmonics and
                  spin-weighted spherical harmonics},
  publisher =    {AIP},
  year =         1985,
  journal =      jmp,
  volume =       26,
  number =       5,
  pages =        {1030--1033},
  url =          {http://link.aip.org/link/?JMP/26/1030/1},
  doi =          {10.1063/1.526533},
  category =     scri
}

@Article{dray:1985b,
  title =        {Momentum flux at null infinity},
  volume =       2,
  issn =         {0264-9381},
  url =          {http://iopscience.iop.org/0264-9381/2/1/002},
  doi =          {10.1088/0264-9381/2/1/002},
  number =       1,
  urldate =      {2013-07-31},
  journal =      cqg,
  author =       {Dray, T.},
  month =        jan,
  year =         1985,
  pages =        {L7},
  category =     scri
}

@Article{draystreubel:1984,
  title =        {Angular momentum at null infinity},
  volume =       1,
  issn =         {0264-9381},
  url =          {http://iopscience.iop.org/0264-9381/1/1/005},
  doi =          {10.1088/0264-9381/1/1/005},
  number =       1,
  urldate =      {2013-07-11},
  journal =      cqg,
  author =       {Dray, T. and Streubel, M.},
  month =        jan,
  year =         1984,
  pages =        15,
  category =     scri
}

@Article{frauendiener:2004,
  title =        {Conformal Infinity},
  volume =       7,
  issn =         {1433-8351},
  url =
                  {http://relativity.livingreviews.org/Articles/lrr-2004-1/},
  doi =          {10.12942/lrr-2004-1},
  urldate =      {2014-08-14},
  journal =      livrevrel,
  author =       {Frauendiener, J{\"{o}}rg},
  year =         2004,
}

@Article{geroch:1981,
  title =        {Linkages in general relativity},
  volume =       22,
  issn =         00222488,
  url =          {http://jmp.aip.org/resource/1/jmapaq/v22/i4/p803_s1},
  doi =          {doi:10.1063/1.524987},
  number =       4,
  journal =      jmp,
  author =       {Geroch, Robert and Winicour, Jeffrey},
  month =        apr,
  year =         1981,
  pages =        {803--812},
  category =     scri
}

@Article{gerochetal:1973,
  title =        {A space-time calculus based on pairs of null
                  directions},
  volume =       14,
  issn =         00222488,
  url =          {http://jmp.aip.org/resource/1/jmapaq/v14/i7/p874_s1},
  doi =          {doi:10.1063/1.1666410},
  number =       7,
  urldate =      {2012-05-23},
  journal =      jmp,
  author =       {Geroch, R. and Held, A. and Penrose, R.},
  month =        jul,
  year =         1973,
  pages =        {874--881},
  category =     scri
}

@Article{goldbergetal:1967,
  spellingnote = "Note that 'Macfarlane' is correct; he spells it
                  without a capital F.",
  author =       {Josh N. Goldberg and Alan J. Macfarlane and Ezra
                  T. Newman and Fritz Rohrlich and Ennackal Chandy
                  George Sudarshan},
  title =        {Spin-$s$ Spherical Harmonics and $\eth$},
  publisher =    {AIP},
  year =         1967,
  journal =      jmp,
  volume =       8,
  number =       11,
  pages =        {2155--2161},
  url =          {http://link.aip.org/link/?JMP/8/2155/1},
  doi =          {10.1063/1.1705135},
  category =     scri
}

@Book{hawkingellis:1976,
  title =        {The large scale structure of space-time},
  isbn =         0521099064,
  publisher =    {Cambridge University Press},
  author =       {Hawking, S. W. and Ellis, G. F. R.},
  year =         1976,
  address =      {New York}
}

@Article{helfer:2010,
  title =        {Estimating energy-momentum and angular momentum near
                  null infinity},
  volume =       81,
  url =          {http://link.aps.org/doi/10.1103/PhysRevD.81.084001},
  doi =          {10.1103/PhysRevD.81.084001},
  number =       8,
  journal =      prd,
  author =       {Helfer, Adam D.},
  month =        apr,
  year =         2010,
  pages =        084001,
  category =     scri
}

@Article{jezierski:1998,
  title =        {Bondi Mass in Classical Field Theory},
  volume =       29,
  url =
                  {http://th-www.if.uj.edu.pl/acta/vol29/abs/v29p0667.htm},
  number =       3,
  journal =      aphpolb,
  author =       {Jezierski, J},
  month =        mar,
  year =         1998,
  pages =        {667--744},
  category =     scri
}

@Article{kozamehetal:2008,
  title =        {On extracting physical content from asymptotically
                  flat spacetime metrics},
  volume =       25,
  issn =         {0264-9381, 1361-6382},
  url =          {http://iopscience.iop.org/0264-9381/25/14/145001},
  doi =          {10.1088/0264-9381/25/14/145001},
  number =       14,
  journal =      cqg,
  author =       {Kozameh, C. and Newman, E. T. and Silva-Ortigoza,
                  G.},
  month =        jul,
  year =         2008,
  pages =        145001,
  category =     scri
}

@Article{moreschi:1986,
  title =        {On angular momentum at future null infinity},
  volume =       3,
  url =          {http://stacks.iop.org/0264-9381/3/i=4/a=006},
  number =       4,
  journal =      cqg,
  author =       {Moreschi, O. M.},
  year =         1986,
  pages =        503,
  category =     scri
}

@Article{moreschi:1987,
  title =        {General future asymptotically flat spacetimes},
  volume =       4,
  issn =         {0264-9381, 1361-6382},
  url =          {http://iopscience.iop.org/0264-9381/4/5/010},
  doi =          {10.1088/0264-9381/4/5/010},
  number =       5,
  journal =      cqg,
  author =       {Moreschi, O},
  month =        sep,
  year =         1987,
  pages =        {1063--1084},
  category =     scri
}

@Article{moreschi:1988,
  title =        {Supercentre of mass system at future null infinity},
  volume =       5,
  issn =         {0264-9381},
  url =          {http://iopscience.iop.org/0264-9381/5/3/004},
  doi =          {10.1088/0264-9381/5/3/004},
  number =       3,
  journal =      cqg,
  author =       {Moreschi, O M},
  month =        mar,
  year =         1988,
  pages =        {423--435},
  category =     scri
}

@Article{moreschi:2004,
  title =        {Intrinsic angular momentum and centre of mass in
                  general relativity},
  volume =       21,
  issn =         {0264-9381, 1361-6382},
  url =          {http://iopscience.iop.org/0264-9381/21/23/008},
  doi =          {10.1088/0264-9381/21/23/008},
  number =       23,
  journal =      cqg,
  author =       {Moreschi, Osvaldo M.},
  month =        dec,
  year =         2004,
  pages =        {5409--5425},
  category =     scri
}

@Article{moreschidain:1998,
  title =        {Rest frame system for asymptotically flat
                  space--times},
  volume =       39,
  issn =         00222488,
  url =
                  {http://jmp.aip.org/resource/1/jmapaq/v39/i12/p6631_s1},
  doi =          {doi:10.1063/1.532646},
  number =       12,
  journal =      jmp,
  author =       {Moreschi, Osvaldo M. and Dain, Sergio},
  month =        dec,
  year =         1998,
  pages =        {6631--6650},
  category =     scri
}

@Article{moreschidain:1999,
  title =        {Erratum: {``Rest} frame system for asymptotically
                  flat space--times'' {[J.} Math. Phys. 39, 6631
                  (1998)]},
  volume =       40,
  issn =         00222488,
  shorttitle =   {Erratum},
  url =
                  {http://jmp.aip.org/resource/1/jmapaq/v40/i11/p6126_s1},
  doi =          {doi:10.1063/1.533081},
  number =       11,
  journal =      jmp,
  author =       {Moreschi, Osvaldo M. and Dain, Sergio},
  month =        nov,
  year =         1999,
  pages =        {6126--6127},
  category =     scri
}

@Article{nesterov:1997,
  title =        {Quasigroups, asymptotic symmetries, and conservation
                  laws in general relativity},
  volume =       56,
  url =          {http://link.aps.org/doi/10.1103/PhysRevD.56.R7498},
  doi =          {10.1103/PhysRevD.56.R7498},
  number =       12,
  urldate =      {2013-07-11},
  journal =      prd,
  author =       {Nesterov, Alexander I.},
  month =        dec,
  year =         1997,
  pages =        {R7498--R7502},
  category =     scri
}

@Article{nesterov:1998,
  title =        {On angular momentum of gravitational radiation},
  volume =       250,
  issn =         {0375-9601},
  url =
                  {http://www.sciencedirect.com/science/article/pii/S0375960198007683},
  doi =          {10.1016/S0375-9601(98)00768-3},
  number =       {1--3},
  urldate =      {2013-08-01},
  journal =      pla,
  author =       {Nesterov, Alexander I.},
  month =        dec,
  year =         1998,
  keywords =     {Asymptotic symmetries, Conservation laws,
                  Quasigroups},
  pages =        {55--61},
  category =     scri
}

@Article{newmanpenrose:1965,
  title =        {10 Exact Gravitationally-Conserved Quantities},
  volume =       15,
  url =          {http://link.aps.org/doi/10.1103/PhysRevLett.15.231},
  doi =          {10.1103/PhysRevLett.15.231},
  number =       6,
  journal =      prl,
  author =       {Newman, E. T. and Penrose, R.},
  year =         1965,
  pages =        {231--233},
  category =     scri
}

@Article{newmanpenrose:1966,
  author =       {Ezra T. Newman and Roger Penrose},
  title =        {Note on the {B}ondi--{M}etzner--{S}achs Group},
  publisher =    {AIP},
  year =         1966,
  journal =      jmp,
  volume =       7,
  number =       5,
  pages =        {863--870},
  url =          {http://link.aip.org/link/?JMP/7/863/1},
  doi =          {10.1063/1.1931221},
  category =     scri
}

@Article{newmanunti:1962,
  title =        {Behavior of Asymptotically Flat Empty Spaces},
  volume =       3,
  issn =         00222488,
  url =          {http://jmp.aip.org/resource/1/jmapaq/v3/i5/p891_s1},
  doi =          {10.1063/1.1724303},
  number =       5,
  journal =      jmp,
  author =       {Newman, Ezra T. and Unti, Theodore W. J.},
  month =        sep,
  year =         1962,
  pages =        {891--901},
  category =     scri
}

@Article{penrose:1965,
  title =        {Zero Rest-Mass Fields Including Gravitation:
                  Asymptotic Behaviour},
  volume =       284,
  issn =         {1364-5021, 1471-2946},
  shorttitle =   {Zero Rest-Mass Fields Including Gravitation},
  url =
                  {http://rspa.royalsocietypublishing.org/content/284/1397/159},
  doi =          {10.1098/rspa.1965.0058},
  number =       1397,
  journal =      procrsa,
  author =       {Penrose, R.},
  month =        feb,
  year =         1965,
  pages =        {159--203},
}

@Article{penrose:1982,
  title =        {Quasi-Local Mass and Angular Momentum in General
                  Relativity},
  volume =       381,
  issn =         {1364-5021, 1471-2946},
  url =
                  {http://rspa.royalsocietypublishing.org/content/381/1780/53},
  doi =          {10.1098/rspa.1982.0058},
  number =       1780,
  urldate =      {2013-03-01},
  journal =      procrsa,
  author =       {Penrose, R.},
  month =        may,
  year =         1982,
  pages =        {53--63},
  category =     scri
}

@Article{sachs:1961,
  title =        {Gravitational Waves in General
                  Relativity. {VI}. {T}he Outgoing Radiation
                  Condition},
  author =       {Ray K. Sachs},
  journal =      procrsa,
  volume =       264,
  number =       1318,
  pages =        {309--338},
  url =          {http://www.jstor.org/stable/2414993},
  issn =         00804630,
  publisher =    {The Royal Society},
  year =         1961,
  month =        {November},
  category =     scri
}

@Article{sachs:1962a,
  title =        {Gravitational Waves in General Relativity. {VIII.}
                  {W}aves in Asymptotically Flat Space-Time},
  volume =       270,
  issn =         {1364-5021, 1471-2946},
  url =
                  {http://rspa.royalsocietypublishing.org/content/270/1340/103},
  doi =          {10.1098/rspa.1962.0206},
  number =       1340,
  journal =      procrsa,
  author =       {Sachs, R. K.},
  month =        oct,
  year =         1962,
  pages =        {103--126},
  category =     scri
}

@Article{sachs:1962b,
  title =        {Asymptotic Symmetries in Gravitational Theory},
  volume =       128,
  url =          {http://link.aps.org/doi/10.1103/PhysRev.128.2851},
  doi =          {10.1103/PhysRev.128.2851},
  number =       6,
  journal =      physrev,
  author =       {Sachs, R. K.},
  month =        dec,
  year =         1962,
  pages =        {2851--2864},
  category =     scri
}

@Article{scanio:1977,
  author =       {Joseph J. G. Scanio},
  title =        {Spin-weighted spherical harmonics and
                  electromagnetic multipole expansions},
  year =         1977,
  journal =      ajp,
  volume =       45,
  number =       2,
  pages =        {173--178},
  url =          {http://link.aip.org/link/?AJP/45/173/1},
  doi =          {10.1119/1.10649},
  category =     scri
}

@Article{shaw:1984,
  title =        {Symplectic geometry of null infinity and two-surface
                  twistors},
  volume =       1,
  issn =         {0264-9381},
  url =          {http://iopscience.iop.org/0264-9381/1/4/001},
  doi =          {10.1088/0264-9381/1/4/001},
  number =       4,
  urldate =      {2013-07-31},
  journal =      cqg,
  author =       {Shaw, W. T.},
  month =        jul,
  year =         1984,
  pages =        {L33},
  category =     scri
}

@Article{tafel:2000,
  title =        {{B}ondi mass in terms of the {P}enrose conformal
                  factor},
  volume =       17,
  issn =         {0264-9381},
  url =          {http://iopscience.iop.org/0264-9381/17/21/304},
  doi =          {10.1088/0264-9381/17/21/304},
  number =       21,
  urldate =      {2013-08-14},
  journal =      cqg,
  author =       {Tafel, J.},
  month =        nov,
  year =         2000,
  pages =        4397,
  category =     scri
}

@Article{varlamov:2006,
  title =        {Relativistic spherical functions on the {L}orentz
                  group},
  volume =       39,
  issn =         {0305-4470, 1361-6447},
  url =          {http://iopscience.iop.org/0305-4470/39/4/006},
  doi =          {10.1088/0305-4470/39/4/006},
  number =       4,
  urldate =      {2012-07-18},
  journal =      jphysamathgen,
  author =       {Varlamov, V.~V.},
  month =        jan,
  year =         2006,
  pages =        {805--822},
  category =     scri
}

@Article{waldzoupas:2000,
  title =        {General definition of ``conserved quantities'' in
                  general relativity and other theories of gravity},
  volume =       61,
  url =          {http://link.aps.org/doi/10.1103/PhysRevD.61.084027},
  doi =          {10.1103/PhysRevD.61.084027},
  number =       8,
  urldate =      {2013-07-11},
  journal =      prd,
  author =       {Wald, Robert M. and Zoupas, Andreas},
  month =        mar,
  year =         2000,
  pages =        084027,
  category =     scri
}

@InBook{winicour:1980,
  author =       {Jeffrey Winicour},
  editor =       {A. Held},
  title =        {General Relativity and Gravitation},
  publisher =    {Plenum},
  year =         1980,
  address =      {New York},
  pages =        {71--96},
  volume =       {2}
}

