


@book{Doran2003,
  address = {{New York, NY}},
  title = {{Geometric Algebra for Physicists}},
  publisher = {{Cambridge University Press}},
  author = {Doran, Chris and Lasenby, Anthony},
  year = {2003}
},



@book{Misner1973,
  edition = {{first}},
  isbn = {9780716703440},
  title = {{Gravitation}},
  publisher = {{W. H. Freeman}},
  author = {Misner, Charles W. and Thorne, Kip S. and Wheeler, John Archibald},
  year = {1973},
  note = {24th printing}
},



@book{Wald1984,
  edition = {{first}},
  isbn = {9780226870},
  title = {{General relativity}},
  publisher = {{Univ. of Chicago Press}},
  author = {Wald, Robert M.},
  year = {1984}
}
